@inbook{adorno_elements_2002,
    title = {{Elements of Anti-Semitism: Limits of Enlightenment}},
    booktitle = {{Dialectic of Enlightenment}},
    author = {Max Horkheimer and Theodor W. Adorno},
    editor = {Gunzelin Schmid Noeri},
    publisher = {Stanford University Press},
    pages = {137--172},
    doi = {doi:10.1515/9780804788090-008},
    isbn = {9780804788090},
    year = {2002},
    lastchecked = {2025-08-22}
}

@incollection{adorno_elements_2009,
	location = {London},
	edition = {2},
	title = {{Elements of Anti-Semitism The limits of Enlightenment}},
	isbn = {978-1-003-06080-2},
	pages = {206--211},
	booktitle = {{Theories of Race and Racism}},
	publisher = {Routledge},
	author = {Adorno, Theodor and Horkheimer, Max},
	date = {2009},
}

@article{akkerman_gender_2015,
    author = "Akkerman, Tjitske",
    title = {{Gender and the radical right in Western Europe: a comparative analysis of policy agendas}},
    volume = "49",
    issn = "0031-322X, 1461-7331",
    doi = "10.1080/0031322X.2015.1023655",
    pages = "37--60",
    number = "1",
    journaltitle = {{Patterns of Prejudice}},
    shortjournal = "Patterns of Prejudice",
    urldate = "2025-05-30",
    date = "2015-03-15",
    langid = "english",
    year = "2015"
}

@article{andrusieczko_nowy_2023,
    author = "Andrusieczko, Piotr",
    title = {{Nowy rząd musi szybko zmienić politykę Polski wobec Ukrainy}},
    journaltitle = {{Gazeta Wyborcza}},
    date = "2023-12-12",
    year = "2023"
}

@article{assmann_transnational_2014,
    author = "Assmann, Aleida",
    title = {{Transnational Memories}},
    volume = "22",
    rights = "https://www.cambridge.org/core/terms",
    issn = "1062-7987, 1474-0575",
    doi = "10.1017/S1062798714000337",
    pages = "546--556",
    number = "4",
    journaltitle = {{European Review}},
    shortjournal = "European Review",
    urldate = "2025-05-30",
    date = "2014-10",
    langid = "english",
    year = "2014"
}

@article{banaszek_w_2023,
    author = "Banaszek, J",
    title = {{W Chełmie rzutem na taśmę w miejscu szkoły powstanie centrum im. Lecha Kaczyńskiego}},
    journaltitle = {{Gazeta Wyborcza}},
    date = "2023-11-23",
    year = "2023",
    url = "https://lublin.wyborcza.pl/lublin/7,48724,30437573,w-chelmie-rzutem-na-tasme-w-miejscu-szkoly-powstanie-centrum.html",
}

@incollection{ben-zeev_thinking_2010,
    author = "Winter, Jay",
    editor = "Ben-Ze’ev, Efrat and Ginio, Ruth and Winter, Jay",
    edition = "1",
    title = {{Thinking about silence}},
    rights = "https://www.cambridge.org/core/terms",
    isbn = "978-0-521-19658-1 978-0-511-67617-8 978-1-107-69897-0",
    pages = "3--31",
    booktitle = {{Shadows of War}},
    publisher = "Cambridge University Press",
    urldate = "2025-05-30",
    date = "2010-02-25",
    langid = "english",
    doi = "10.1017/CBO9780511676178.002",
    year = "2010"
}

@article{berger_politics_2021,
	title = {{Politics of Memory and Nationalism}},
	volume = {49},
    doi = "10.1017/nps.2020.87",
    journal = "Nationalities Papers",
    number = {6},
    pages   = {997--1007}, 
	journaltitle = {{Nationalities Papers}},
	author = {Berger, Stefan},
	urldate = {2025-08-21},
	date = {2021-11},
	langid = {english},
}

@article{bergmann_antisemitism_2013,
    author = "Bergmann, Werner",
    title = {{Antisemitism in Europe Today: the Phenomena, the Conflicts}},
    journaltitle = {{Jewish Museum Berlin}},
    date = "2013",
    langid = "english",
    year = "2013"
}

@article{bergmann_strategic_2025,
    author = "Bergmann, Eirikur",
    title = {{The Strategic Exploitation of Conspiracy Theories by Populist Leaders}},
    volume = "9",
    rights = "https://creativecommons.org/licenses/by/4.0/",
    issn = "2313-5778",
    doi = "10.3390/genealogy9020041",
    pages = "41",
    number = "2",
    journaltitle = {{Genealogy}},
    shortjournal = "Genealogy",
    urldate = "2025-08-18",
    date = "2025-04-08",
    langid = "english",
    year = "2025"
}

@incollection{bernhard_notitle_2014,
    author = "Kubik, Jan and Bernhard, Michael",
    editor = "Bernhard, Michael and Kubik, Jan",
    isbn = "978-0-19-937513-4",
    booktitle = {{A Theory of the Politics of Memory}},
    publisher = "Oxford University Press",
    urldate = "2025-05-30",
    date = "2014-07-29",
    langid = "english",
    doi = "10.1093/acprof:oso/9780199375134.003.0002",
    year = "2014"
}

@article{bieber_is_2018,
    author = "Bieber, Florian",
    title = {{Is Nationalism on the Rise? Assessing Global Trends}},
    volume = "17",
    issn = "1744-9057, 1744-9065",
    doi = "10.1080/17449057.2018.1532633",
    pages = "519--540",
    number = "5",
    journaltitle = {{Ethnopolitics}},
    shortjournal = "Ethnopolitics",
    urldate = "2025-05-30",
    date = "2018-10-20",
    langid = "english",
    year = "2018"
}

@article{bilinski_nie_2023,
  	author = {Biliński, Ł},
  	title = {{Nie denerwować Ukraińcami, na Niemców szczuć, a Żydzi — jak PiS}},
  	journaltitle = {{Gazeta Wyborcza}},
  	date = {2023-10-07},
  	year = {2023},
	url = {https://wyborcza.pl/7,75410,30009223,nie-denerwowac-ukraincami-na-niemcow-szczuc-a-zydzi-jak-pis.html},
}

@article{bill_counter-elite_2022,
    author = "Bill, Stanley",
    title = {{Counter-Elite Populism and Civil Society in Poland: PiS’s Strategies of Elite Replacement}},
    volume = "36",
    issn = "0888-3254, 1533-8371",
    doi = "10.1177/0888325420950800",
    pages = "118--140",
    number = "1",
    journaltitle = {{East European Politics and Societies: and Cultures}},
    shortjournal = "East European Politics and Societies: and Cultures",
    urldate = "2025-08-18",
    date = "2022-02",
    langid = "english",
    year = "2022"
}

@article{black_museums_2011,
    author = "Black, Graham",
    title = {{Museums, Memory and History}},
    volume = "8",
    issn = "1478-0038, 1478-0046",
    doi = "10.2752/147800411X13026260433275",
    pages = "415--427",
    number = "3",
    journaltitle = {{Cultural and Social History}},
    shortjournal = "Cultural and Social History",
    urldate = "2025-05-30",
    date = "2011-09",
    langid = "english",
    year = "2011"
}

@article{blocki_byly_2023,
  	author = {Błocki, Zbigniew},
  	title = {{Były szef Narodowego Centrum Nauki: Tak rząd PiS i Czarnek niszczyli NCN i polską naukę}},
  	journaltitle = {{Gazeta Wyborcza}},
  	date = {2023-11-05},
  	year = {2023},
  	url = {https://wyborcza.pl/7,75398,30371025,byly-szef-narodowego-centrum-nauki-tak-rzad-pis-i-czarnek-niszczyli.html},
}

@incollection{bourdieu_forms_1986,
    author = "Bourdieu, Pierre",
    location = "New York",
    title = {{The Forms Of Capital}},
    pages = "241--258",
    booktitle = {{Handbook of Theory and Research for the Sociology of Education}},
    publisher = "Greenwood Press",
    date = "1986",
    year = "1986"
}

@article{brants_transitional_2013,
    author = "Brants, Chrisje and Klep, Katrien",
    title = {{Transitional Justice: History-Telling, Collective Memory, and the Victim-Witness}},
    volume = "Vol. 7",
    pages = "13",
    number = "1",
    journaltitle = {{IJCV}},
    date = "2013",
    langid = "english",
    year = "2013"
}

@article{bresco_de_luna_end_2017,
    author = "Brescó De Luna, Ignacio",
    title = {{The end into the beginning: Prolepsis and the reconstruction of the collective past}},
    volume = "23",
    issn = "1354-067X, 1461-7056",
    doi = "10.1177/1354067X17695761",
    pages = "280--294",
    number = "2",
    journaltitle = {{Culture \& Psychology}},
    shortjournal = "Culture \& Psychology",
    urldate = "2025-05-30",
    date = "2017-06",
    langid = "english",
    year = "2017"
}

@article{brown_false_2017,
    author = "Brown, Steven D and Reavey, Paula",
    title = {{False memories and real epistemic problems}},
    volume = "23",
    issn = "1354-067X, 1461-7056",
    doi = "10.1177/1354067X17695764",
    pages = "171--185",
    number = "2",
    journaltitle = {{Culture \& Psychology}},
    shortjournal = "Culture \& Psychology",
    urldate = "2025-05-30",
    date = "2017-06",
    langid = "english",
    year = "2017"
}

@article{brown_making_1998,
    author = "Brown, Richard Harvey and Davis-Brown, Beth",
    title = {{The making of memory: the politics of archives, libraries and museums in the construction of national consciousness}},
    volume = "11",
    rights = "https://journals.sagepub.com/page/policies/text-and-data-mining-license",
    issn = "0952-6951, 1461-720X",
    doi = "10.1177/095269519801100402",
    pages = "17--32",
    number = "4",
    journaltitle = {{History of the Human Sciences}},
    shortjournal = "History of the Human Sciences",
    urldate = "2025-05-30",
    date = "1998-11",
    langid = "english",
    year = "1998"
}

@article{bruner_narrative_1991,
	title = {{The Narrative Construction of Reality}},
	volume = {18},
	pages = {1--21},
	journaltitle = {{Critical Inquiry}},
	author = {Bruner, Jerome},
	date = {1991},
	langid = {english},
    doi = {10.1086/448619}
}

@misc{bubeck_sparks_2023,
	title = {{Sparks of Artificial General Intelligence: Early experiments with GPT-4}},
	rights = {Creative Commons Attribution 4.0 International},
	url = {https://arxiv.org/abs/2303.12712},
	doi = {10.48550/ARXIV.2303.12712},
	shorttitle = {{Sparks of Artificial General Intelligence}},
	publisher = {{arXiv}},
	author = {Bubeck, Sébastien and Chandrasekaran, Varun and Eldan, Ronen and Gehrke, Johannes and Horvitz, Eric and Kamar, Ece and Lee, Peter and Lee, Yin Tat and Li, Yuanzhi and Lundberg, Scott and Nori, Harsha and Palangi, Hamid and Ribeiro, Marco Tulio and Zhang, Yi},
	urldate = {2025-08-23},
	date = {2023},
	note = {Version Number: 5},
	keywords = {Artificial Intelligence (cs.{AI}), Computation and Language (cs.{CL}), {FOS}: Computer and information sciences},
}

@article{cadier_populism_2020,
	title = {{Populism, historical discourse and foreign policy: the case of Poland’s Law and Justice government}},
	volume = {57},
	issn = {1384-5748, 1740-3898},
	doi = {10.1057/s41311-020-00252-6},
	shorttitle = {{Populism, historical discourse and foreign policy}},
	pages = {990--1011},
	number = {6},
	journaltitle = {{International Politics}},
	shortjournal = {Int Polit},
	author = {Cadier, David and Szulecki, Kacper},
	urldate = {2025-08-22},
	date = {2020-12},
	langid = {english},
}

@article{chwin_stefan_2023,
  	author = {Chwin, Stefan},
  	title = {{Stefan Chwin: Jeśliby jutro w Polsce zniknął katolicyzm, co by nam zostało?}},
  	journaltitle = {{Gazeta Wyborcza}},
  	date = {2023-05-05},
  	year = {2023},
	url = {https://wyborcza.pl/magazyn/7%2C124059%2C29686771%2Cstefan-chwin-jesliby-jutro-w-polsce-zniknal-katolicyzm-co.html},
}

@article{connerton_seven_2008,
    author = "Connerton, Paul",
    title = {{Seven types of forgetting}},
    volume = "1",
    rights = "https://journals.sagepub.com/page/policies/text-and-data-mining-license",
    issn = "1750-6980, 1750-6999",
    doi = "10.1177/1750698007083889",
    pages = "59--71",
    number = "1",
    journaltitle = {{Memory Studies}},
    shortjournal = "Memory Studies",
    urldate = "2025-05-30",
    date = "2008-01",
    langid = "english",
    year = "2008"
}

@article{cook_we_2011,
    author = "Cook, Terry",
    title = {{‘We Are What We Keep; We Keep What We Are’: Archival Appraisal Past, Present and Future}},
    volume = "32",
    issn = "0037-9816, 1465-3907",
    doi = "10.1080/00379816.2011.619688",
    pages = "173--189",
    number = "2",
    journaltitle = {{Journal of the Society of Archivists}},
    shortjournal = "Journal of the Society of Archivists",
    urldate = "2025-05-30",
    date = "2011-10",
    langid = "english",
    year = "2011"
}

@article{couperus_memory_2023,
    author = "Couperus, Stefan and Tortola, Pier Domenico and Rensmann, Lars",
    title = {{Memory politics of the far right in Europe}},
    volume = "24",
    issn = "2374-5118, 2374-5126",
    doi = "10.1080/23745118.2022.2058757",
    pages = "435--444",
    number = "4",
    journaltitle = {{European Politics and Society}},
    shortjournal = "European Politics and Society",
    urldate = "2025-05-30",
    date = "2023-08-08",
    langid = "english",
    year = "2023"
}

@book{crum_populist_2022,
    author = "Crum, Ben and Oleart, Alvaro and Overeem, Patrick",
    location = "London",
    edition = "1",
    title = {{Populist parties, pluralism and democratic systems in Europe}},
    isbn = "978-1-003-27132-1",
    publisher = "Routledge",
    editora = "Crum, Ben and Oleart, Alvaro",
    editoratype = "collaborator",
    urldate = "2025-08-20",
    date = "2022-12-12",
    langid = "english",
    doi = "10.4324/9781003271321-1",
    year = "2022"
}

@article{crum_renewing_2020,
    author = "Crum, Ben and Oleart, Alvaro and Overeem, Patrick",
    title = {{Renewing or Undermining Democratic Pluralism?}},
    pages = "33",
    journaltitle = {{European Union’s Horizon 2020 Research \& Innovation programme}},
    date = "2020",
    langid = "english",
    year = "2020"
}

@article{czuchnowski_koniec_2023,
  	author = {Czuchnowski, Wojciech},
  	title = {{Koniec podkomisji smoleńskiej. Tomczyk: Historyczny moment. Macierewicz: To czyste bezprawie!}},
  	journaltitle = {{Gazeta Wyborcza}},
  	date = {2023-12-17},
  	year = {2023},
	url = {https://wyborcza.pl/7,75398,30516275,koniec-podkomisji-smolenskiej.html},
}

@article{day_finding_2019,
    author = "Day, Christopher and Koivu, Kendra L.",
    title = {{Finding the Question: A Puzzle-Based Approach to the Logic of Discovery}},
    volume = "15",
    issn = "1551-2169, 1551-2177",
    doi = "10.1080/15512169.2018.1493594",
    pages = "377--386",
    number = "3",
    journaltitle = {{Journal of Political Science Education}},
    shortjournal = "Journal of Political Science Education",
    urldate = "2025-05-30",
    date = "2019-07-03",
    langid = "english",
    year = "2019"
}

@article{delli_paoli_digital_2021,
    author = "Delli Paoli, Angela and D’Auria, Valentina",
    title = {{Digital Ethnography: A Systematic Literature Review}},
    volume = "Vol 11",
    rights = "Creative Commons Attribution 3.0 Unported",
    doi = "10.13136/ISR.V11I4S.434",
    pages = "27",
    journaltitle = {{Italian Sociological Review}},
    urldate = "2025-05-30",
    date = "2021-04-22",
    langid = "english",
    year = "2021"
}

@incollection{demata_anti-sorosism_2022,
    author = "Richardson, John E. and Wodak, Ruth",
    editor = "Demata, Massimiliano and Zorzi, Virginia and Zottola, Angela",
    location = "Amsterdam",
    title = {{Anti-Sorosism: Reviving the “Jewish world conspiracy”}},
    volume = "98",
    isbn = "978-90-272-1270-2",
    pages = "395--420",
    booktitle = {{Discourse Approaches to Politics, Society and Culture}},
    publisher = "John Benjamins Publishing Company",
    urldate = "2025-08-18",
    date = "2022-12-01",
    langid = "english",
    doi = "10.1075/dapsac.98.17ric",
    year = "2022"
}

@article{boettiger_2015,
    author = {Boettiger, Carl},
    title = {An introduction to Docker for reproducible research},
    year = {2015},
    issue_date = {January 2015},
    publisher = {Association for Computing Machinery},
    address = {New York, NY, USA},
    volume = {49},
    number = {1},
    issn = {0163-5980},
    url = {https://doi.org/10.1145/2723872.2723882},
    doi = {10.1145/2723872.2723882},
    journal = {SIGOPS Oper. Syst. Rev.},
    month = jan,
    pages = {71–79},
    numpages = {9}
}

@article{dujisin_reassessing_2024,
    author = "Dujisin, Zoltán",
    title = {{Reassessing the EU Memory Divide: Dereifying Collective Memory through a Memory Regimes Approach}},
    volume = "36",
    issn = "1527-1994",
    doi = "10.2979/ham.00006",
    pages = "140--175",
    number = "1",
    journaltitle = {{History \& Memory}},
    shortjournal = "ham",
    urldate = "2025-05-30",
    date = "2024-03",
    langid = "english",
    year = "2024"
}

@article{eastmond_silence_2012,
    author = "Eastmond, M. and Selimovic, J. M.",
    title = {{Silence as Possibility in Postwar Everyday Life}},
    volume = "6",
    issn = "1752-7716, 1752-7724",
    doi = "10.1093/ijtj/ijs026",
    pages = "502--524",
    number = "3",
    journaltitle = {{International Journal of Transitional Justice}},
    shortjournal = "International Journal of Transitional Justice",
    urldate = "2025-05-30",
    date = "2012-11-01",
    langid = "english",
    year = "2012"
}

@article{elbe_anguish_2020,
    author = "{Elbe} and {Blumenfeld}",
    title = {{The Anguish of Freedom: Is Sartre's Existentialism an Appropriate Foundation for a Theory of Antisemitism?}},
    volume = "4",
    issn = "24741809",
    doi = "10.2979/antistud.4.1.03",
    pages = "48",
    number = "1",
    journaltitle = {{Antisemitism Studies}},
    shortjournal = "Antisemitism Studies",
    urldate = "2025-08-21",
    date = "2020",
    langid = "english",
    year = "2020"
}

@thesis{elmofty_signposts_2023,
    author = "Elmofty, Almira",
    title = {{Signposts of (in)tolerance amoung young Poles: from attitued towards immigrants to generational political rebellion.}},
    pagetotal = "95",
    institution = "Jagiellonian University in Kraków",
    type = "phdthesis",
    date = "2023",
    year = "2023"
}

@article{entman_framing_1993,
	title = {{Framing: Toward Clarification of a Fractured Paradigm}},
	volume = {43},
	rights = {http://doi.wiley.com/10.1002/tdm\_license\_1.1},
	issn = {0021-9916, 1460-2466},
	doi = {10.1111/j.1460-2466.1993.tb01304.x},
	shorttitle = {{Framing}},
	pages = {51--58},
	number = {4},
	journaltitle = {{Journal of Communication}},
	author = {Entman, Robert M.},
	urldate = {2025-08-22},
	date = {1993-12-01},
	langid = {english},
}

@article{enyedi_concept_2024,
    author = "Enyedi, Zsolt",
    title = {{Concept and Varieties of Illiberalism}},
    volume = "12",
    rights = "https://creativecommons.org/licenses/by/4.0",
    issn = "2183-2463",
    doi = "10.17645/pag.8521",
    pages = "8521",
    journaltitle = {{Politics and Governance}},
    shortjournal = "{PaG}",
    urldate = "2025-08-18",
    date = "2024-09-11",
    langid = "english",
    year = "2024"
}

@article{erll_traumatic_2011,
    author = "Erll, Astrid",
    title = {{Traumatic pasts, literary afterlives, and transcultural memory: new directions of literary and media memory studies}},
    volume = "3",
    issn = "2000-4214",
    doi = "10.3402/jac.v3i0.7186",
    pages = "7186",
    number = "1",
    journaltitle = {{Journal of Aesthetics \& Culture}},
    shortjournal = "Journal of Aesthetics \& Culture",
    urldate = "2025-05-30",
    date = "2011-01",
    langid = "english",
    year = "2011"
}

@incollection{faas_relationship_2023,
    author = "Peffley, Mark and Rohrschneider, Robert",
    editor = "Faas, Thorsten and Huber, Sascha and Krewel, Mona and Roßteutscher, Sigrid",
    title = {{The Relationship between Populist Attitudes and Antisemitism}},
    isbn = "978-3-7489-1555-3",
    pages = "559--582",
    booktitle = {{Informationsflüsse, Wahlen und Demokratie}},
    publisher = "Nomos Verlagsgesellschaft {mbH} \& Co. {KG}",
    urldate = "2025-08-21",
    date = "2023",
    langid = "english",
    doi = "10.5771/9783748915553-559",
    year = "2023"
}

@article{fairclough_discourse_1992,
    author = "Fairclough, Norman",
    title = {{Discourse and Text: Linguistic and Intertextual Analysis within Discourse Analysis}},
    volume = "3",
    rights = "https://journals.sagepub.com/page/policies/text-and-data-mining-license",
    issn = "0957-9265, 1460-3624",
    doi = "10.1177/0957926592003002004",
    pages = "193--217",
    number = "2",
    journaltitle = {{Discourse \& Society}},
    shortjournal = "Discourse \& Society",
    urldate = "2025-08-22",
    date = "1992-04",
    langid = "english",
    year = "1992"
}

@incollection{forchtner_trajectory_2019,
    author = "Wodak, Ruth",
    editor = "Forchtner, Bernhard",
    edition = "1",
    title = {{The Trajectory of Far-Right Populism – A Discourse-Analytical Perspective}},
    isbn = "978-1-351-10404-3",
    pages = "21--37",
    booktitle = {{The Far Right and the Environment}},
    publisher = "Routledge",
    urldate = "2025-05-30",
    date = "2019-09-10",
    langid = "english",
    doi = "10.4324/9781351104043-2",
    year = "2019"
}

@article{foroughi_collective_2020,
    author = "Foroughi, Hamid and Al-Amoudi, Ismael",
    title = {{Collective Forgetting in a Changing Organization: When memories become unusable and uprooted}},
    volume = "41",
    issn = "0170-8406, 1741-3044",
    doi = "10.1177/0170840619830130",
    pages = "449--470",
    number = "4",
    journaltitle = {{Organization Studies}},
    shortjournal = "Organization Studies",
    urldate = "2025-05-30",
    date = "2020",
    langid = "english",
    year = "2020"
}

@article{fredheim_memory_2014,
    author = "Fredheim, Rolf",
    title = {{The Memory of Katyn in Polish Political Discourse: A Quantitative Study}},
    volume = "66",
    issn = "0966-8136, 1465-3427",
    doi = "10.1080/09668136.2014.934135",
    pages = "1165--1187",
    number = "7",
    journaltitle = {{Europe-Asia Studies}},
    shortjournal = "Europe-Asia Studies",
    urldate = "2025-05-30",
    date = "2014-08-09",
    langid = "english",
    year = "2014"
}

@article{gadomski_awantura_2023,
  	author = {Gadomski, Witold},
  	title = {{Awantura o Wojtyłę to dla PiS „polityczne złoto”. Gazeta Wyborcza}},
  	journaltitle = {{Gazeta Wyborcza}},
  	date = {2023-03-12},
  	year = {2023},
  	url = {https://wyborcza.pl/7,75968,29550473,awantura-o-wojtyle-to-dla-pis-polityczne-zloto.html},
}

@misc{gawinecki_lemmatizer-pl,
  author       = {Maciej Gawinecki},
  title        = {{lemmatizer-pl}},
  year         = {2017},
  url          = {https://github.com/dzieciou/lemmatizer-pl},
}

@article{gazeta_wyborcza_pis_2015,
	title = {{PiS chce uczcić Lecha Kaczyńskiego. PO proponuje również Lecha Wałęsę. Ale na to zgody rządzących już nie ma}},
	url = {https://wyborcza.pl/7%2C75398%2C19369971%2Cpis-chce-uczcic-lecha-kaczynskiego-po-proponuje-rowniez-lecha.html},
	shorttitle = {{PiS chce uczcić Lecha Kaczyńskiego}},
	journaltitle = {{Gazeta Wyborcza}},
	author = {Gazeta Wyborcza},
	date = {2015-12-18},
}

@article{gazeta_wyborcza_sejm_2015,
	title = {{Sejm uczcił Lecha Kaczyńskiego. "Dobrze przysłużył się Polsce}},
	url = {https://wyborcza.pl/7,75398,19383295,sejm-uczcil-lecha-kaczynskiego-dobrze-przysluzyl-sie-polsce.html},
	shorttitle = {{Sejm uczcił Lecha Kaczyńskiego}},
	journaltitle = {{Gazeta Wyborcza}},
	author = {Gazeta Wyborcza},
	date = {2015-12-22},
}

@article{gedi_collective_1996,
    author = "Gedi, Noa and Elam, Yigal",
    title = {{Collective Memory- What Is It?}},
    volume = "History \& Memory",
    issn = "0935560X",
    pages = "30--50",
    issue = "Vol. 8 No. 1",
    journaltitle = {{Indiana University Press}},
    date = "1996",
    langid = "english",
    year = "1996"
}

@article{gliszczynska_grabias_memory_2014,
    author = "Gliszczyńska Grabias, Aleksandra",
    title = {{Memory Laws or Memory Loss? Europe in Search of Its Historical Identity through the National and International Law}},
    volume = "Vol. 34 (2014)",
    pages = "161--186",
    journaltitle = {{Polish Yearbook of International Law}},
    date = "2014",
    langid = "english",
    year = "2014"
}

@article{grabowski_memory_2018,
    author = "Grabowski, Jan",
    title = {{Memory Laws, Memory Wars: The Politics of the Past in Europe and Russia}},
    volume = "12",
    issn = "2373-9770, 2373-9789",
    doi = "10.1080/23739770.2018.1558379",
    pages = "427--430",
    number = "3",
    journaltitle = {{Israel Journal of Foreign Affairs}},
    shortjournal = "Israel Journal of Foreign Affairs",
    urldate = "2025-05-30",
    date = "2018-09-02",
    langid = "english",
    year = "2018"
}

@incollection{grinchenko_introduction_2018,
    author = "Narvselius, Eleonora and Grinchenko, Gelinada",
    editor = "Grinchenko, Gelinada and Narvselius, Eleonora",
    location = "Cham",
    title = {{Introduction: “Formulas of Betrayal”—Traitors, Collaborators and Deserters in Contemporary European Politics of Memory}},
    isbn = "978-3-319-66495-8",
    pages = "1--27",
    booktitle = {{Traitors, Collaborators and Deserters in Contemporary European Politics of Memory}},
    publisher = "Springer International Publishing",
    urldate = "2025-05-30",
    date = "2018",
    langid = "english",
    doi = "10.1007/978-3-319-66496-5\_1",
    note = "Series Title: Palgrave Macmillan Memory Studies",
    year = "2018"
}

@article{habermas_political_2006,
	title = {{Political Communication in Media Society: Does Democracy Still Enjoy an Epistemic Dimension? The Impact of Normative Theory on Empirical Research}},
	volume = {16},
	rights = {http://doi.wiley.com/10.1002/tdm\_license\_1.1},
	issn = {1050-3293, 1468-2885},
	doi = {10.1111/j.1468-2885.2006.00280.x},
	shorttitle = {{Political Communication in Media Society}},
	pages = {411--426},
	number = {4},
	journaltitle = {{Communication Theory}},
	shortjournal = {Commun Theory},
	author = {Habermas, Jürgen},
	urldate = {2025-08-22},
	date = {2006-11},
	langid = {english},
}

@incollection{halbwachs_space_1980,
	location = {Harper \& Row, Publishers, New York.},
	title = {{Space and the Collective Memory}},
	pages = {170},
	booktitle = {{The Collective Memory  Maurice Halbwachs - Introduction by Mary Douglas}},
	publisher = {Harper Colophon Books},
	author = {Halbwachs, Maurice},
	date = {1980},
}

@article{hammermeister_inventing_1997,
    author = "Hammermeister, Kai",
    title = {{Inventing History: Toward a Gay Holocaust Literature}},
    volume = "70",
    issn = "00168831",
    doi = "10.2307/407838",
    pages = "18",
    number = "1",
    journaltitle = {{The German Quarterly}},
    shortjournal = "The German Quarterly",
    urldate = "2025-05-30",
    date = "1997",
    langid = "english",
    year = "1997"
}

@incollection{hansen_theories_nodate,
    author = "Hansen, Julie",
    edition = "1",
    title = {{Theories of memory and the imaginative Force of Fiction}},
    pages = "12",
    booktitle = {{The Ashgate Research Companion to Memory Studies}},
    publisher = "Routledge",
    langid = "english"
}

@misc{he_law_2025,
    author = "He, Hangfeng and Su, Weijie J.",
    title = {{A Law of Next-Token Prediction in Large Language Models}},
    doi = "10.48550/arXiv.2408.13442",
    number = "{arXiv}:2408.13442",
    publisher = "{arXiv}",
    urldate = "2025-08-21",
    date = "2025-08-18",
    langid = "english",
    eprinttype = "arxiv",
    eprint = "2408.13442 [cs]",
    year = "2025"
}

@article{hinchliffe_sartres_2019,
    author = "Hinchliffe, Geoffrey",
    title = {{Sartre’s analysis of anti-Semitism and its relevance for today}},
    volume = "51",
    issn = "0013-1857, 1469-5812",
    doi = "10.1080/00131857.2018.1449639",
    pages = "97--106",
    number = "1",
    journaltitle = {{Educational Philosophy and Theory}},
    shortjournal = "Educational Philosophy and Theory",
    urldate = "2025-08-20",
    date = "2019-01-02",
    langid = "english",
    year = "2019"
}

@article{hlebowicz_premier_2023,
    author = "Hlebowicz, B",
    title = {{Premier Morawiecki w Kijowie, pierwsze leopardy z Polski w Ukrainie}},
    journaltitle = {{Gazeta Wyborcza}},
    date = "2023-02-24",
    year = "2023"
}

@article{holmgren_holocaust_2019,
    author = "{Holmgren}",
    title = {{Holocaust History and Jewish Heritage Preservation: Scholars and Stewards Working in PiS-Ruled Poland}},
    volume = "37",
    issn = "08828539",
    doi = "10.5703/shofar.37.1.0096",
    pages = "96--107",
    number = "1",
    journaltitle = {{Shofar}},
    shortjournal = "Shofar",
    urldate = "2025-05-30",
    date = "2019",
    langid = "english",
    year = "2019"
}

@article{hutchinson_warfare_2009,
    author = "Hutchinson, John",
    title = {{Warfare and the Sacralisation of Nations: The Meanings, Rituals and Politics of National Remembrance}},
    volume = "38",
    rights = "https://journals.sagepub.com/page/policies/text-and-data-mining-license",
    issn = "0305-8298, 1477-9021",
    doi = "10.1177/0305829809347538",
    pages = "401--417",
    number = "2",
    journaltitle = {{Millennium: Journal of International Studies}},
    shortjournal = "Millennium: Journal of International Studies",
    urldate = "2025-05-30",
    date = "2009-12",
    langid = "english",
    year = "2009"
}

@misc{ihra_ihra-non-legally-binding-working-definition--antisemitism-1_2016,
	title = {{IHRA Working definition of antisemitism}},
	url = {https://holocaustremembrance.com/resources/working-definition-antisemitism},
	author = {{IHRA}},
	date = {2016},
}

@article{izdebski_nierowne_2023,
  	author = {Izdebski, Krzysztof},
  	title = {{Nierówne wybory. Jak PiS miesza interes publiczny z partyjnym, aby utrzymać władzę}},
  	journaltitle = {{Gazeta Wyborcza}},
  	date = {2023-09-27},
  	year = {2023},
	url = {https://oko.press/nierowne-wybory-jak-pis-miesza-interes-publiczny-z-partyjnym-aby-utrzymac-wladze-analiza},
}

@article{jackson_john_2019,
	title = {{John E. Richardson. British Fascism: A Discourse-Historical Analysis. Explorations of the Far Right}},
	volume = {58},
	rights = {https://www.cambridge.org/core/terms},
	issn = {0021-9371, 1545-6986},
	doi = {10.1017/jbr.2019.77},
	shorttitle = {{John E. Richardson. British Fascism}},
	pages = {465--466},
	number = {2},
	journaltitle = {{Journal of British Studies}},
	shortjournal = {J. Br. Stud.},
	author = {Jackson, Paul},
	urldate = {2025-08-23},
	date = {2019-04},
	langid = {english},
}

@article{jamieson_theorising_2002,
	title = {{Theorising Identity, Nationality and Citizenship: Implications for European Citizenship Identity}},
	volume = {34},
	pages = {507--532},
	number = {6},
	journaltitle = {{Sociológia - Slovak Sociological Review ·}},
	author = {Jamieson, Lynn},
	date = {2002},
	langid = {english},
	file = {PDF:C\:\\Users\\fisch\\Zotero\\storage\\URWNFDQ6\\Jamieson - 2002 - Theorising Identity, Nationality and Citizenship Implications for European Citizenship Identity.pdf:application/pdf},
}

@article{jaskulowski_populist_2023,
    author = "Jaskulowski, Krzysztof and Majewski, Piotr",
    title = {{Populist in form, nationalist in content? Law and Justice, nationalism and memory politics}},
    volume = "24",
    issn = "2374-5118, 2374-5126",
    doi = "10.1080/23745118.2022.2058752",
    pages = "461--476",
    number = "4",
    journaltitle = {{European Politics and Society}},
    shortjournal = "European Politics and Society",
    urldate = "2025-08-20",
    date = "2023-08-08",
    langid = "english",
    year = "2023"
}

@article{kansteiner_finding_2002,
    author = "Kansteiner, Wulf",
    title = {{Finding Meaning in Memory: A Methodological Critique of Collective Memory Studies}},
    volume = "41",
    issn = "0018-2656, 1468-2303",
    doi = "10.1111/0018-2656.00198",
    pages = "179--197",
    number = "2",
    journaltitle = {{History and Theory}},
    shortjournal = "History and Theory",
    urldate = "2025-05-30",
    date = "2002-05",
    langid = "english",
    year = "2002"
}

@article{kapralski_battlefields_2001,
    author = "Kapralski, Sławomir",
    title = {{Battlefields pf Memory: Landscape and Identity in Polish–Jewish Relations}},
    volume = "13(2)",
    pages = "35--58",
    journaltitle = {{History \& Memory}},
    date = "2001",
    langid = "english",
    year = "2001"
}

@incollection{kapralski_jews_2017,
	title = {{Jews and the Holocaust in Poland’s Memoryscapes: An Inquiry Into Transcultural Amnesia}},
	volume = {34},
	isbn = {978-90-04-35234-6},
	pages = {170--197},
	booktitle = {{The Twentieth Century in European Memory Transcultural Mediation and Reception}},
	publisher = {{BRILL}},
	author = {Kapralski, Sławomir},
	date = {2017},
}

@misc{karwatowski_context_2022,
    author = "Karwatowski, Michal and Pietron, Marcin",
    title = {{Context based lemmatizer for Polish language}},
    doi = "10.48550/arXiv.2207.11565",
    number = "{arXiv}:2207.11565",
    publisher = "{arXiv}",
    urldate = "2025-08-20",
    langid = "english",
    eprinttype = "arxiv",
    eprint = "2207.11565 [cs]",
    year = "2022"
}

@misc{kasanmascheff2025meta,
  author       = {Markus Kasanmascheff},
  title        = {{Meta Announces All Facebook Videos Will Become Reels}},
  year         = {2025},
  url          = {https://winbuzzer.com/2025/06/17/meta-announces-all-facebook-videos-will-become-reels-xcxwbn/},
}

@article{kobierecki_opportunistic_2022,
    author = "Kobierecki, Michał Marcin and Kossakowski, Radosław and Nosal, Przemysław",
    title = {{Opportunistic nationalism and racism: race, nation, and online mobilization in the context of the Polish Independence March 2020}},
    volume = "23",
    issn = "1466-0970, 1743-9590",
    doi = "10.1080/14660970.2022.2109803",
    pages = "865--879",
    number = "8",
    journaltitle = {{Soccer \& Society}},
    shortjournal = "Soccer \& Society",
    urldate = "2025-05-30",
    date = "2022-11-17",
    langid = "english",
    year = "2022"
}

@article{kolanko_kampania_2023,
    author = "Kolanko, Michał",
    title = {{Kampania wokół Jana Pawła II. „Toczymy teraz ważną bitwę”}},
    journaltitle = {{Rzeczpospolita}},
    date = "2023-03-10",
    year = "2023",
    url = "https://www.rp.pl/polityka/art38100671-kampania-wokol-jana-pawla-ii-toczymy-teraz-wazna-bitwe"
}

@article{kondzinska_pis_2023,
  	author = {Kondzińska, Agata},
  	title = {{PiS jednoczy się z Republikanami, Kaczyński wraca do zamachu na zlecenie Putina}},
  	journaltitle = {{Gazeta Wyborcza}},
  	date = {2023-12-16},
  	year = {2023},
	url = {https://wyborcza.pl/7,75398,30514721,pis-jednoczy-sie-z-republikanami-kaczynski-wraca-do-zamachu.html},
}

@article{kondzinska_spot_2023,
  	author = {Kondzińska, Agata},
    title = {{Spot z Auschwitz ma krytyków nawet w PiS. "Ruszyliśmy strunę, na której się nie gra"}},
  	journaltitle = {{Gazeta Wyborcza}},
  	date = {2023-05-31},
  	year = {2023},
	url = {https://wyborcza.pl/7,75398,29821516,spot-z-auschwitz-ma-krytykow-nawet-w-pis-ruszylismy-strune.html},
}
@online{pisorgpl2023j,
  author       = {pisorgpl},
  title        = {{Premier, Prezes PiS Jarosław Kaczyński we Włoszczowie: Dla nas rozmowy z Polakami są bardzo ważne.}},
  year         = {2023},
  date         = {2023-10-01},
  url          = {https://x.com/pisorgpl/status/1708524409613431276},
  note         = {Post}
}

@online{pisorgpl2015a,
  author       = {pisorgpl},
  title        = {{Polityka w stosunku do Rosji nie może być polityką resetu…}},
  year         = {2015},
  date         = {2015-10-20},
  url          = {https://x.com/pisorgpl/status/656544346070732804},
  note         = {Post}
}

@online{pisorgpl2023a,
  author       = {pisorgpl},
  title        = {{Za rządów PO-PSL Polska była niemiecko-rosyjskim kondominium…}},
  year         = {2023},
  date         = {2023-10-07},
  url          = {https://x.com/pisorgpl/status/1710697613232640039},
  note         = {Post}
}

@online{pisorgpl2023b,
  author       = {pisorgpl},
  title        = {{PO chciało oddać połowę kraju Rosji…}},
  year         = {2023},
  date         = {2023-09-28},
  url          = {https://x.com/pisorgpl/status/1707292219575595428},
  note         = {Post}
}

@online{pisorgpl2023c,
  author       = {pisorgpl},
  title        = {{Rząd D. Tuska prowadził wobec Rosji politykę resetu…}},
  year         = {2023},
  date         = {2023-09-13},
  url          = {https://x.com/pisorgpl/status/1701895531818098841},
  note         = {Post}
}

@online{pisorgpl2023d,
  author       = {pisorgpl},
  title        = {{Chcemy, aby w Polsce było normalnie…}},
  year         = {2023},
  date         = {2023-10-12},
  url          = {https://x.com/pisorgpl/status/1712515483440726334},
  note         = {Post}
}

@online{jbrudzinski2023,
  author       = {jbrudzinski},
  title        = {{Żałosne są te ich POpiskiwania i odgrzewane nienawistne kalki z poprzednich kampanii.}},
  year         = {2023},
  date         = {2023-09-05},
  url          = {https://x.com/jbrudzinski/status/1698967139447709739},
  note         = {Post}
}

@online{pisorgpl2015b,
  author       = {pisorgpl},
  title        = {{Wczorajszą \#debata wygrała @BeataSzydlo dzięki krótkim, celnym i rzeczowym odpowiedziom.}},
  year         = {2015},
  date         = {2015-10-21},
  url          = {https://x.com/pisorgpl/status/656773593284628480},
  note         = {Post}
}

@online{pisorgpl2015c,
  author       = {pisorgpl},
  title        = {{Tusk zapowiadał, że wyrzuci z rządu każdego, który będzie chciał podwyższać podatki. Tymczasem podnosił podatki 21 razy.}},
  year         = {2015},
  date         = {2015-10-01},
  url          = {https://x.com/pisorgpl/status/649543826248482816},
  note         = {Post}
}

@online{pisorgpl2015d,
  author       = {pisorgpl},
  title        = {{Polski rząd popełnił błąd. Wyłamał się z solidarności wobec państw regionu i zawiódł zaufanie Polaków.}},
  year         = {2015},
  date         = {2015-09-24},
  url          = {https://x.com/pisorgpl/status/646930003389739008},
  note         = {Post}
}

@article{brubaker_populism_2020,
	title = {Populism and nationalism},
	volume = {26},
	issn = {1354-5078, 1469-8129},
	doi = {10.1111/nana.12522},
	pages = {44--66},
	number = {1},
	journaltitle = {Nations and Nationalism},
	shortjournal = {Nations and Nationalism},
	author = {Brubaker, Rogers},
	urldate = {2025-08-23},
	date = {2020-01},
	langid = {english},
}

@online{pisorgpl2023r,
  author       = {pisorgpl},
  title        = {{Premier, Prezes PiS Jarosław Kaczyński we Włoszczowie: Partia D. Tuska jest partią zewnętrzną, a więc partią niemiecką.}},
  year         = {2023},
  date         = {2023-10-01},
  url          = {https://x.com/pisorgpl/status/1708528464184103396},
  note         = {Post}
}

@online{pisorgpl2023e,
  author       = {pisorgpl},
  title        = {{Zasługujemy na to, aby żyć w bezpiecznej Polsce! Bez podziału na Polskę A i Polskę B. Tylko PiS daje gwarancję bezpieczeństwa! …}},
  year         = {2023},
  date         = {2023-10-13},
  url          = {https://x.com/pisorgpl/status/1712885595939193317},
  note         = {Post}
}

@online{pisorgpl2023f,
  author       = {pisorgpl},
  title        = {{Tusk ciągle kłamie… Opozycja potrafi siać chaos i zawijać dobra narodowe.}},
  year         = {2023},
  date         = {2023-10-13},
  url          = {https://x.com/pisorgpl/status/1712763996154089839},
  note         = {Post}
}

@online{pisorgpl2023g,
  author       = {pisorgpl},
  title        = {{Minister @MF\_GOV\_PL @M\_Rzeczkowska w KPRM: Rząd Prawa i Sprawiedliwości realizuje scenariusz miękkiego lądowania...}},
  year         = {2023},
  date         = {2023-10-25},
  url          = {https://x.com/pisorgpl/status/1717128121130819917},
  note         = {Post}
}

@online{pisorgpl2023h,
  author       = {pisorgpl},
  title        = {{Europoseł PiS @BeataSzydlo w Skawinie: Mówimy o bezpieczeństwie w wielu aspektach…}},
  year         = {2023},
  date         = {2023-09-30},
  url          = {https://x.com/pisorgpl/status/1708094883704009125},
  note         = {Post}
}

@online{pisorgpl2023i,
  author       = {pisorgpl},
  title        = {{Minister @MON\_GOV\_PL @mblaszczak w Sandomierzu: Zasługujemy na to, aby żyć w bezpiecznej Polsce! …}},
  year         = {2023},
  date         = {2023-10-13},
  url          = {https://x.com/pisorgpl/status/1712885939193317},
  note         = {Post}
}

@online{pisorgpl2023j2,
  author       = {pisorgpl},
  title        = {{Premier @MorawieckiMw \#Warszawa: 17 września to data symboliczna…}},
  year         = {2023},
  date         = {2023-09-17},
  url          = {https://x.com/pisorgpl/status/1703355359035875529},
  note         = {Post}
}

@online{pisorgpl2023k,
  author       = {pisorgpl},
  title        = {{Premier @MorawieckiMw \#Wieluń: Celem niemieckiej III Rzeszy było…}},
  year         = {2023},
  date         = {2023-09-01},
  url          = {https://x.com/pisorgpl/status/1697464936702570994},
  note         = {Post}
}


@online{jbrudzinski2015,
  author       = {jbrudzinski},
  title        = {{@AndrzejDuda składa kwiaty przed Krzyżem Papieskim. Dziękuję Panie Prezydencie…}},
  year         = {2015},
  date         = {2015-10-16},
  url          = {https://x.com/jbrudzinski/status/654945831733362689},
  note         = {Post}
}

@online{pisorgpl2023m,
  author       = {pisorgpl},
  title        = {{Premier @MorawieckiM w Wadowicach: Jan Paweł II był twórcą polskiej wolności…}},
  year         = {2023},
  date         = {2023-10-02},
  url          = {https://x.com/pisorgpl/status/1708731429285175341},
  note         = {Post}
}

@online{pisorgpl2023n,
  author       = {pisorgpl},
  title        = {{Premier, Prezes J. Kaczyński w Kazimierzy Wielkiej: Nie po to była walka o niepodległości…}},
  year         = {2023},
  date         = {2023-10-05},
  url          = {https://x.com/pisorgpl/status/1709982528717598747},
  note         = {Post}
}

@online{pisorgpl2023o,
  author       = {pisorgpl},
  title        = {{Premier @MorawieckiM w Spale: Dziękuję Solidarności za obronę dobrego imienia…}},
  year         = {2023},
  date         = {2023-10-19},
  url          = {https://x.com/pisorgpl/status/1714940851267228116},
  note         = {Post}
}

@online{facebook2015,
  author       = {Facebook},
  title        = {{Facebook Platform Policies}},
  year         = {2015},
  url          = {https://developers.facebook.com/policy},
}

@online{meta2023,
  author       = {Meta},
  title        = {{Changes to Facebook API and Data Access}},
  year         = {2023},
  note         = {Meta Platforms, Inc.}
}

@online{openai2023,
  author       = {OpenAI},
  title        = {{Guidelines for AI-assisted labeling and human validation}},
  year         = {2023},
  note         = {OpenAI Documentation}
}

@online{meta2024,
  author       = {Meta},
  title        = {{New Platform Terms and Developer Policies Update}},
  year         = {2024},
  url          = {https://web.swipeinsight.app/posts/new-platform-terms-and-developer-policies-update-11744}
}

@online{moldstud2025,
  author       = {MoldStud},
  title        = {{The Impact of Changes in Facebook API on User Data Access: What You Need to Know}},
  year         = {2025},
  url          = {https://moldstud.com/articles/p-the-impact-of-changes-in-facebook-api-on-user-data-access-what-you-need-to-know}
}

@online{meta2025,
  author       = {Meta},
  title        = {{Policy Zones: How Meta Enforces Purpose Limitation at Scale in Batch Processing Systems}},
  year         = {2025},
  url          = {https://engineering.fb.com/2025/07/23/security/policy-zones-meta-purpose-limitation-batch-processing-systems/}
}

@online{pisorgpl2023p,
  author       = {pisorgpl},
  title        = {{Pamiętajcie, 15 października głosujcie na listę numer 4 - Premier, Prezes PiS Jarosław Kaczyński.}},
  date         = {2023-10-13},
  url          = {https://x.com/pisorgpl/status/1712918952181891267},
  note         = {Post}
}

@online{pisorgpl2023q,
  author       = {pisorgpl},
  title        = {{Pamiętamy doskonale rządy opozycji…}},
  date         = {2023-10-13},
  url          = {https://x.com/pisorgpl/status/1712884487237829099},
  note         = {Post}
}

@online{pisorgpl2015e,
  author       = {pisorgpl},
  title        = {{Polska jest wszędzie, w każdej wsi i mieście…}},
  date         = {2015-10-23},
  url          = {https://x.com/pisorgpl/status/657649595787382784},
  note         = {Post}
}

@online{pisorgpl2015f,
  author       = {pisorgpl},
  title        = {{Musimy pamiętać o skromności…}},
  date         = {2015-10-25},
  url          = {https://x.com/pisorgpl/status/658376116592377857},
  note         = {Post}
}

@online{pisorgpl2015g,
  author       = {pisorgpl},
  title        = {{Mamy bohaterów najwyższej próby…}},
  date         = {2015-09-27},
  url          = {https://x.com/pisorgpl/status/648138686681477121},
  note         = {Post}
}

@article{korycki_memory_2017,
    author = "Korycki, Kate",
    title = {{Memory, Party Politics, and Post-Transition Space: The Case of Poland}},
    volume = "31",
    issn = "0888-3254, 1533-8371",
    doi = "10.1177/0888325417700263",
    pages = "518--544",
    number = "3",
    journaltitle = {{East European Politics and Societies: and Cultures}},
    shortjournal = "East European Politics and Societies",
    urldate = "2025-05-30",
    date = "2017-08",
    langid = "english",
    year = "2017"
}

@article{brzuszkiewicz_w_2023,
  	author = {Brzuszkiewicz, Jacek},
    title = {{W Chełmie rzutem na taśmę w miejscu szkoły powstanie centrum im. Lecha Kaczyńskiego. "Przepompownia kadr PiS}},
  	journaltitle = {{Gazeta Wyborcza}},
  	date = {2023-11-23},
  	year = {2023},
  	url = {https://lublin.wyborcza.pl/lublin/7,48724,30437573,w-chelmie-rzutem-na-tasme-w-miejscu-szkoly-powstanie-centrum.html},
}

@article{kowalczyk_pis-owska_2023,
  	author = {Kowalczyk, Roman},
  	title = {{PiS-owska propaganda w szkolnym Librusie i inne grzechy dolnośląskiego kuratora oświaty. Żegnamy Romana Kowalczyka}},
  	journaltitle = {{Gazeta Wyborcza}},
  	date = {2023-12-15},
  	year = {2023},
	url = {https://wroclaw.wyborcza.pl/wroclaw/7,35771,30510974,bloga-pis-owska-propaganda-zamienil-na-librusa-zegnamy-dolnoslaskiego.html},
}

@inproceedings{krasnowska2019empirical,
  author    = {Katarzyna Krasnowska-Kieraś and Anna Wróblewska},
  title     = {{Empirical linguistic study of sentence embeddings}},
  booktitle = {{Proceedings of the 57th Annual Meeting of the Association for Computational Linguistics}},
  year      = {2019},
  pages     = {1--10},
  publisher = {Association for Computational Linguistics},
  address   = {Florence, Italy},
  doi       = {10.18653/v1/P19-1001},
  url       = {https://aclanthology.org/P19-1001/}
}

@article{krastev_age_2011,
	title = {{The Age of Populism: Reflections on the Self-enmity of Democracy}},
	volume = {10},
	pages = {11--16},
	number = {1},
	journaltitle = {{European View}},
	author = {Krastev, Ivan},
	date = {2011},
    doi = "10.1007/s12290-011-0152-8"
}

@thesis{ksiazek_smolensk_2018,
    author = "Ksiazek, Nikola",
    title = {{„The Smolensk Myth – Instrumentalization of the Smolensk Catastrophe by the Prawo I Sprawiedliwość“}},
    pagetotal = "141",
    institution = "University of Vienna",
    type = {Master's thesis},
    date = "2018",
    langid = "english",
    year = "2018",
    doi = "10.25365/thesis.55339"
}

@article{kucia_europeanization_2016,
    author = "Kucia, Marek",
    title = {{The Europeanization of Holocaust Memory and Eastern Europe}},
    volume = "30",
    issn = "0888-3254, 1533-8371",
    doi = "10.1177/0888325415599195",
    pages = "97--119",
    number = "1",
    journaltitle = {{East European Politics and Societies: and Cultures}},
    shortjournal = "East European Politics and Societies: and Cultures",
    urldate = "2025-05-30",
    date = "2016-02",
    langid = "english",
    year = "2016"
}

@article{langenbacher_twenty-first_2008,
    author = "Langenbacher, Eric",
    title = {{Twenty-first Century Memory Regimes in Germany and Poland: An Analysis of Elite Discourses and Public Opinion}},
    volume = "26",
    issn = "1045-0300, 1558-5441",
    doi = "10.3167/gps.2008.260404",
    pages = "50--81",
    number = "4",
    journaltitle = {{German Politics and Society}},
    urldate = "2025-05-30",
    date = "2008-12-01",
    langid = "english",
    year = "2008"
}

@article{lazor_memory_2016,
    author = "Łazor, Jerzy and Morawski, Wojciech",
    title = {{The Memory of Communist Poland in the Third Polish Republic. A Tentative Systematisation}},
    rights = "https://creativecommons.org/licenses/by/4.0",
    issn = "2391-6389",
    doi = "10.33119/KSzPP.2016.4.2",
    pages = "37--53",
    number = "4",
    journaltitle = {{Studia z Polityki Publicznej}},
    shortjournal = "{KSzPP}",
    urldate = "2025-05-30",
    date = "2016-10-24",
    langid = "english",
    year = "2016"
}

@article{levy_holocaust_2002,
    author = "Levy, Daniel and Sznaider, Natan",
    title = {{The Holocaust and the Formation of Cosmopolitan Memory}},
    volume = "5",
    pages = "87--106",
    number = "1",
    journaltitle = {{European Journal of Social Theory}},
    date = "2002",
    langid = "english",
    year = "2002"
}

@article{liliental_przerazmnie_2023,
  	author = {Liliental, Witold},
    title = {{Przeraża mnie wizja kolejnej kadencji władzy PiS i obietnice Jarosława Kaczyńskiego, że tym razem dokończy "reformy"}},
  	journaltitle = {{Gazeta Wyborcza}},
  	date = {2023-09-17},
  	year = {2023},
  	url = {https://wyborcza.pl/7,162657,30200010,przeraza-mnie-wizja-kolejnej-kadencji-wladzy-pis-i-obietnice.html},
}

@misc{madaan_memory-assisted_2023,
    author = "Madaan, Aman and Tandon, Niket and Clark, Peter and Yang, Yiming",
    title = {{Memory-assisted prompt editing to improve GPT-3 after deployment}},
    doi = "10.48550/arXiv.2201.06009",
    number = "{arXiv}:2201.06009",
    publisher = "{arXiv}",
    urldate = "2025-08-18",
    date = "2023-02-18",
    langid = "english",
    eprinttype = "arxiv",
    eprint = "2201.06009 [cs]",
    year = "2023"
}

@article{malinova_politics_2021,
    author = "Malinova, Olga",
    title = {{Politics of Memory and Nationalism}},
    volume = "49",
    issn = "0090-5992, 1465-3923",
    doi = "10.1017/nps.2020.87",
    pages = "997--1007",
    number = "6",
    journaltitle = {{Nationalities Papers}},
    shortjournal = "Nationalities Papers",
    urldate = "2025-08-21",
    date = "2021-11",
    langid = "english",
    year = "2021"
}

@article{malksoo_memory_2009,
    author = "Mälksoo, Maria",
    title = {{The Memory Politics of Becoming European: The East European Subalterns and the Collective Memory of Europe}},
    volume = "15",
    rights = "https://journals.sagepub.com/page/policies/text-and-data-mining-license",
    issn = "1354-0661, 1460-3713",
    doi = "10.1177/1354066109345049",
    pages = "653--680",
    number = "4",
    journaltitle = {{European Journal of International Relations}},
    shortjournal = "European Journal of International Relations",
    urldate = "2025-05-30",
    date = "2009-12",
    langid = "english",
    year = "2009"
}

@article{malksoo_memory_2015,
    author = "Mälksoo, Maria",
    title = {{‘Memory must be defended’: Beyond the politics of mnemonical security}},
    volume = "46",
    issn = "0967-0106, 1460-3640",
    doi = "10.1177/0967010614552549",
    pages = "221--237",
    number = "3",
    journaltitle = {{Security Dialogue}},
    shortjournal = "Security Dialogue",
    urldate = "2025-05-30",
    date = "2015-06",
    langid = "english",
    year = "2015"
}

@misc{mansour2025language,
  author       = {Malak Mansour and Ahmed Aly and Bahey Tharwat and Sarim Hashmi and Dong An and Ian Reid},
  title        = {{Language and Planning in Robotic Navigation: A Multilingual Evaluation of State-of-the-Art Models}},
  year         = {2025},
  eprint       = {2501.05478v2},
  archivePrefix = {arXiv},
  primaryClass = {cs.CL},
  doi          = {10.48550/arXiv.2501.05478v2},
  url          = {https://arxiv.org/abs/2501.05478v2},
}

@incollection{matthes_digital_2017,
    author = "Kaur‐Gill, Satveer and Dutta, Mohan J.",
    editor = "Matthes, Jörg and Davis, Christine S. and Potter, Robert F.",
    edition = "1",
    title = {{Digital Ethnography}},
    rights = "http://doi.wiley.com/10.1002/tdm\\_license\\_1.1",
    isbn = "978-1-118-90176-2",
    pages = "1--10",
    booktitle = {{The International Encyclopedia of Communication Research Methods}},
    publisher = "Wiley",
    urldate = "2025-05-30",
    date = "2017-11-07",
    langid = "english",
    doi = "10.1002/9781118901731.iecrm0271",
    year = "2017"
}

@article{mazzini_three-dimensional_2018,
    author = "Mazzini, Mateusz",
    title = {{A Three-Dimensional Model of Enlarging the Mnemonic Conflict: The Case of Poland Under Second Law and Justice Government}},
    volume = "31",
    rights = "https://student-journals.ucl.ac.uk/slovo",
    issn = "0954-6839, 2753-4928",
    doi = "10.14324/111.0954-6839.074",
    pages = "45--67",
    number = "1",
    journaltitle = {{Slovo}},
    urldate = "2025-05-30",
    date = "2018-05-30",
    langid = "english",
    year = "2018"
}

@article{meijen_populist_2024,
    author = "Meijen, Jens and Vermeersch, Peter",
    title = {{Populist Memory Politics and the Performance of Victimhood: Analysing the Political Exploitation of Historical Injustice in Central Europe}},
    volume = "59",
    rights = "http://creativecommons.org/licenses/by/4.0",
    issn = "0017-257X, 1477-7053",
    doi = "10.1017/gov.2023.10",
    pages = "932--950",
    number = "3",
    journaltitle = {{Government and Opposition}},
    shortjournal = "Gov. \& oppos.",
    urldate = "2025-05-30",
    date = "2024-07",
    langid = "english",
    year = "2024"
}

@article{menke_digital_2023,
    author = "Menke, Manuel and Hagedoorn, Berber",
    title = {{Digital Memory and Populism: Introduction}},
    volume = "17",
    pages = "2101--2112",
    journaltitle = {{International Journal of Communication}},
    date = "2023",
    langid = "english",
    year = "2023"
}

@misc{minds2lead2025meta,
  author       = {Minds2Lead},
  title        = {{How Meta (Facebook) Ads Algorithm Works: 2025 Updates}},
  year         = {2025},
  day          = {30},
  url          = {https://minds2lead.com/blog/how-meta-facebook-ads-algorithm-works-2025-updates/},
}

@book{moffitt_global_2016,
	edition = {1},
	title = {{The Global Rise of Populism: Performance, Political Style, and Representation}},
	isbn = {978-0-8047-9613-2},
	shorttitle = {{The Global Rise of Populism}},
	publisher = {Stanford University Press},
	author = {Moffitt, Benjamin},
	urldate = {2025-08-22},
	year = {2016},
	doi = {10.2307/j.ctvqsdsd8},
}

@article{mrozek_jak_2023,
  	author = {Mrozek, Witold},
    title = {{Jak Ziobro, Gliński i PiS "odbudowują polską tożsamość}},
  	journaltitle = {{Gazeta Wyborcza}},
  	date = {2023-09-15},
  	year = {2023},
	url = {https://wyborcza.pl/7,75410,30009223,nie-denerwowac-ukraincami-na-niemcow-szczuc-a-zydzi-jak-pis.html},
}

@collection{mudde_populism_2012,
	edition = {1},
	title = {{Populism in Europe and the Americas: Threat or Corrective for Democracy?}},
	rights = {https://www.cambridge.org/core/terms},
	isbn = {978-1-107-02385-7},
	shorttitle = {{Populism in Europe and the Americas}},
	publisher = {Cambridge University Press},
	editor = {Mudde, Cas and Kaltwasser, Cristóbal},
	urldate = {2025-08-22},
	year = {2012},
	doi = {10.1017/CBO9781139152365},
}

@book{mudde_populism_2017,
	edition = {1},
	title = {{Populism: A Very Short Introduction}},
	isbn = {978-0-19-023487-4},
	shorttitle = {{Populism}},
	publisher = {Oxford University {PressNew} York},
	author = {Mudde, Cas and Kaltwasser, Cristóbal},
	urldate = {2025-08-22},
	year = {2017},
	langid = {english},
	doi = {10.1093/actrade/9780190234874.001.0001},
}

@article{mudde_populist_2004,
    author = "Mudde, Cas",
    title = {{The Populist Zeitgeist}},
    volume = "39",
    rights = "https://www.cambridge.org/core/terms",
    issn = "0017-257X, 1477-7053",
    doi = "10.1111/j.1477-7053.2004.00135.x",
    pages = "541--563",
    number = "4",
    journaltitle = {{Government and Opposition}},
    shortjournal = "Gov. \& oppos.",
    urldate = "2025-08-21",
    date = "2004",
    langid = "english",
    year = "2004"
}

@book{mudde_populist_2007,
    author = "Mudde, Cas",
    title = {{Populist radical right parties in Europe}},
    isbn = "978-0-511-34143-4",
    publisher = "Cambridge University Press",
    date = "2007",
    langid = "english",
    year = "2007"
}

@incollection{muller_introduction_2002,
    author = "Müller, Jan-Werner",
    editor = "Müller, Jan-Werner",
    edition = "1",
    title = {{Introduction: the power of memory, the memory of power and the power over memory}},
    rights = "https://www.cambridge.org/core/terms",
    isbn = "978-0-521-00070-3 978-0-521-80610-7 978-0-511-49158-0",
    pages = "1--36",
    booktitle = {{Memory and Power in Post-War Europe}},
    publisher = "Cambridge University Press",
    urldate = "2025-05-30",
    date = "2002",
    langid = "english",
    doi = "10.1017/CBO9780511491580.001",
    year = "2002"
}

@book{muller_what_2016,
	location = {Philadelphia},
	title = {{What Is Populism?}},
	isbn = {978-0-8122-9378-4},
	publisher = {University of Pennsylvania Press},
	author = {Müller, Jan-Werner},
	urldate = {2025-08-22},
	year = {2016},
	doi = {10.9783/9780812293784},
}

@article{mumford_parallels_2015,
	title = {{Parallels, prescience and the past: Analogical reasoning and contemporary international politics}},
	volume = {52},
	issn = {1384-5748, 1740-3898},
	doi = {10.1057/ip.2014.40},
	shorttitle = {{Parallels, prescience and the past}},
	pages = "1--19",
	number = {1},
	journaltitle = {{International Politics}},
	shortjournal = {Int Polit},
	author = {Mumford, Andrew},
	urldate = {2025-08-22},
	date = {2015-01},
	langid = {english},
}

@article{murthy_digital_2008,
    author = "Murthy, Dhiraj",
    title = {{Digital Ethnography: An Examination of the Use of New Technologies for Social Research}},
    volume = "42",
    rights = "https://journals.sagepub.com/page/policies/text-and-data-mining-license",
    issn = "0038-0385, 1469-8684",
    doi = "10.1177/0038038508094565",
    pages = "837--855",
    number = "5",
    journaltitle = {{Sociology}},
    shortjournal = "Sociology",
    urldate = "2025-05-30",
    date = "2008-10",
    langid = "english",
    year = "2008"
}

@report{noauthor_twitter_2023,
	title = {{Twitter User Agreement}},
	url = {https://cdn.cms-twdigitalassets.com/content/dam/legal-twitter/site-assets/2023-05-18/en/twitter-user-agreement-23-05-18.pdf},
	institution = {Twitter},
	date = {2023},
    author = {{Twitter}}
}

@article{nora_between_1989,
	title = {{Between Memory and History: Les Lieux de Mémoire}},
	volume = {26},
	url = {https://www.jstor.org/stable/2928520},
	pages = {7--24},
	issue = {Spring 1989},
	journaltitle = {{Representations, Special Issue: Memory and Counter-Memory}},
	author = {Nora, Pierre},
	date = {1989},
	langid = {english},
}

@article{obradovic_whose_2017,
    author = "Obradović, Sandra",
    title = {{Whose memory and why: A commentary on power and the construction of memory}},
    volume = "23",
    issn = "1354-067X, 1461-7056",
    doi = "10.1177/1354067X17695765",
    pages = "208--216",
    number = "2",
    journaltitle = {{Culture \& Psychology}},
    shortjournal = "Culture \& Psychology",
    urldate = "2025-05-30",
    date = "2017-06",
    langid = "english",
    year = "2017"
}

@article{olick_social_1998,
    author = "Olick, Jeffrey K. and Robbins, Joyce",
    title = {{Social Memory Studies: From “Collective Memory” to the Historical Sociology of Mnemonic Practices}},
    volume = "24",
    issn = "0360-0572, 1545-2115",
    doi = "10.1146/annurev.soc.24.1.105",
    pages = "105--140",
    number = "1",
    journaltitle = {{Annual Review of Sociology}},
    shortjournal = "Annu. Rev. Sociol.",
    urldate = "2025-05-30",
    date = "1998-08",
    langid = "english",
    year = "1998"
}

@misc{openai_oai_gpt-oss_model_card_2025,
      title={{gpt-oss-120b \& gpt-oss-20b Model Card}}, 
      author={OpenAI and Sandhini Agarwal and Lama Ahmad and Jason Ai and Sam Altman and Andy Applebaum and Edwin Arbus and Rahul K. Arora and Yu Bai and Bowen Baker and Haiming Bao and Boaz Barak and Ally Bennett and Tyler Bertao and Nivedita Brett and Eugene Brevdo and Greg Brockman and Sebastien Bubeck and Che Chang and Kai Chen and Mark Chen and Enoch Cheung and Aidan Clark and Dan Cook and Marat Dukhan and Casey Dvorak and Kevin Fives and Vlad Fomenko and Timur Garipov and Kristian Georgiev and Mia Glaese and Tarun Gogineni and Adam Goucher and Lukas Gross and Katia Gil Guzman and John Hallman and Jackie Hehir and Johannes Heidecke and Alec Helyar and Haitang Hu and Romain Huet and Jacob Huh and Saachi Jain and Zach Johnson and Chris Koch and Irina Kofman and Dominik Kundel and Jason Kwon and Volodymyr Kyrylov and Elaine Ya Le and Guillaume Leclerc and James Park Lennon and Scott Lessans and Mario Lezcano-Casado and Yuanzhi Li and Zhuohan Li and Ji Lin and Jordan Liss and Lily and Liu and Jiancheng Liu and Kevin Lu and Chris Lu and Zoran Martinovic and Lindsay McCallum and Josh McGrath and Scott McKinney and Aidan McLaughlin and Song Mei and Steve Mostovoy and Tong Mu and Gideon Myles and Alexander Neitz and Alex Nichol and Jakub Pachocki and Alex Paino and Dana Palmie and Ashley Pantuliano and Giambattista Parascandolo and Jongsoo Park and Leher Pathak and Carolina Paz and Ludovic Peran and Dmitry Pimenov and Michelle Pokrass and Elizabeth Proehl and Huida Qiu and Gaby Raila and Filippo Raso and Hongyu Ren and Kimmy Richardson and David Robinson and Bob Rotsted and Hadi Salman and Suvansh Sanjeev and Max Schwarzer and D. Sculley and Harshit Sikchi and Kendal Simon and Karan Singhal and Yang Song and Dane Stuckey and Zhiqing Sun and Philippe Tillet and Sam Toizer and Foivos Tsimpourlas and Nikhil Vyas and Eric Wallace and Xin Wang and Miles Wang and Olivia Watkins and Kevin Weil and Amy Wendling and Kevin Whinnery and Cedric Whitney and Hannah Wong and Lin Yang and Yu Yang and Michihiro Yasunaga and Kristen Ying and Wojciech Zaremba and Wenting Zhan and Cyril Zhang and Brian Zhang and Eddie Zhang and Shengjia Zhao},
      year={2025},
      eprint={2508.10925},
      archivePrefix={arXiv},
      primaryClass={cs.CL},
      url={https://arxiv.org/abs/2508.10925}, 
    doi={10.48550/arXiv.2508.10925}
}

@article{ost_workers_2018,
	title = {{Workers and the Radical Right in Poland}},
	volume = {93},
	rights = {https://www.cambridge.org/core/terms},
	issn = {0147-5479, 1471-6445},
	doi = {10.1017/S0147547917000345},
	pages = {113--124},
	journaltitle = {{International Labor and Working-Class History}},
	shortjournal = {Inter. Labor Working-Class Hist.},
	author = {Ost, David},
	urldate = {2025-08-22},
	date = {2018},
	langid = {english},
}

@article{pankowski_resurgence_2018,
    author = "Pankowski, Rafał",
    title = {{The Resurgence of Antisemitic Discourse in Poland}},
    volume = "12",
    issn = "2373-9770, 2373-9789",
    doi = "10.1080/23739770.2018.1492781",
    pages = "21--37",
    number = "1",
    journaltitle = {{Israel Journal of Foreign Affairs}},
    shortjournal = "Israel Journal of Foreign Affairs",
    urldate = "2025-08-18",
    date = "2018-01-02",
    langid = "english",
    year = "2018"
}

@article{partner_what_2023,
    author = "Partner, Nancy",
    title = {{What, at long last, is Historical Theory for? Reflections on Historical Theory in a Post-Truth World}},
    volume = "62",
    issn = "0018-2656, 1468-2303",
    doi = "10.1111/hith.12302",
    pages = "296--319",
    number = "2",
    journaltitle = {{History and Theory}},
    shortjournal = "History and Theory",
    urldate = "2025-05-30",
    date = "2023-06",
    langid = "english",
    year = "2023"
}

@article{pas_polska_2023,
  	author = {Paś, W},
  	title = {{Polska klasa polityczna, mówiąc i myśląc o wsi, opiera się na dwóch stereotypach. Oba to wytwory inteligenckie i równie nieprawdziwe}},
  	journaltitle = {{Gazeta Wyborcza}},
  	date = {2023-11-28},
  	year = {2023},
	url = {https://wyborcza.pl/7,162657,30449941,polska-klasa-polityczna-mowiac-i-myslac-o-wsi-opiera-sie-na.html},
}

@article{peeters_4cat_2022,
	title = {{The 4CAT Capture and Analysis Toolkit: A Modular Tool for Transparent and Traceable Social Media Research}},
	volume = {4},
	issn = {2665-9085},
	url = {https://www.aup-online.com/content/journals/10.5117/CCR2022.2.007.HAGE},
	doi = {10.5117/CCR2022.2.007.HAGE},
	shorttitle = {{The 4CAT Capture and Analysis Toolkit}},
	pages = {571--589},
	number = {2},
	journaltitle = {{Computational Communication Research}},
	author = {Peeters, Stijn and Hagen, Sal},
	urldate = {2025-08-23},
	date = {2022-10-01},
	langid = {english},
}

@article{piotrowski_between_2010,
    author = "Piotrowski, Grzegorz",
    title = {{Between the Dissidents and the Regime: Young People by the End of the 1980s in Central and Eastern Europe}},
    volume = "18",
    issn = "0965-156X, 1469-3712",
    doi = "10.1080/0965156X.2010.509098",
    pages = "145--162",
    number = "2",
    journaltitle = {{Debatte: Journal of Contemporary Central and Eastern Europe}},
    shortjournal = "Debatte: Journal of Contemporary Central and Eastern Europe",
    urldate = "2025-05-30",
    date = "2010",
    langid = "english",
    year = "2010"
}

@misc{pis_program_2014,
	title = {{Program Prawa I Sprawiedliwośći 2014}},
	url = {https://pis.org.pl/media/download/528ca7b35234fd7dba8c1e567fe729741baaaf33.pdf},
	author = {{PiS}},
	date = {2014},
}

@misc{pis_program_2023,
	title = {{Program PiS - Bezpieczna Przyszłość Polaków}},
	url = {https://pis.org.pl/aktualnosci/bezpieczna-przyszlosc-polakow-program-pis},
	author = {{PiS}},
	date = {2023},
}

@article{postone_anti-semitism_1980,
    author = "Postone, Moishe",
    title = {{Anti-Semitism and National Socialism: Notes on the German Reaction to "Holocaust}},
    issn = "0094033X",
    doi = "10.2307/487974",
    pages = "97",
    number = "19",
    journaltitle = {{New German Critique}},
    shortjournal = "New German Critique",
    urldate = "2025-08-18",
    date = "1980",
    langid = "english",
    year = "1980"
}

@inbook{pozarlik_momentarily_2022,
    location = "London",
    edition = "1",
    title = {{(Momentarily) drifting into ideocracy in Central Europe}},
    rights = "http://creativecommons.org/licenses/by-nc-nd/4.0",
    isbn = "978-1-003-22612-3",
    pages = "202--215",
    booktitle = {{The Right-Wing Critique of Europe}},
    publisher = "Routledge",
    author = "Pożarlik, Grzegorz",
    urldate = "2025-07-21",
    year = "2022",
    langid = "english",
    doi = "10.4324/9781003226123-18",
    year = "2022"
}

@article{radonic_post-communist_2017,
    author = "Radonić, Ljiljana",
    title = {{Post-communist invocation of Europe: memorial museums’ narratives and the Europeanization of memory}},
    volume = "19",
    issn = "1460-8944, 1469-9907",
    doi = "10.1080/14608944.2016.1264377",
    pages = "269--288",
    number = "2",
    journaltitle = {{National Identities}},
    shortjournal = "National Identities",
    urldate = "2025-05-30",
    date = "2017-04-03",
    langid = "english",
    year = "2017"
}

@article{radziwinowicz_wybory_2015,
  	author = {Radziwinowicz, Wacław},
  	title = {{Wybory 2015 w Polsce. Rosja na nic nie liczy}},
  	journaltitle = {{Gazeta Wyborcza}},
  	date = {2015-10-27},
  	year = {2015},
	url = {https://wyborcza.pl/7,75398,19093166,wybory-2015-w-polsce-rosja-na-nic-nie-liczy.html},
}

@book{reisigl_discourse_2001,
	location = {London},
	edition = {1},
	title = {{Discourse and Discrimination - Rhetorics of Racism and Antisemitism}},
	isbn = {978-1-134-57957-0},
	publisher = {Routledge},
	author = {Reisigl, Martin and Wodak, Ruth},
	urldate = {2025-08-23},
	date = {2001},
	langid = {english},
	doi = {10.4324/9780203993712},
}

@book{rensmann_politics_2017,
	location = {Abany (N.Y)},
	title = {{The politics of unreason: the Frankfurt School and the origins of modern antisemitism}},
	isbn = {978-1-4384-6593-7},
	series = {{SUNY} series, philosophy and race},
	shorttitle = {{The politics of unreason}},
	publisher = {State University of New York Press},
	author = {Rensmann, Lars},
	date = {2017},
	langid = {english},
}

@article{riedel_tri-marium_2022,
    author = "Riedel, Rafał",
    title = {{Tri-Marium as the ‘emancipation’ of East-Central Europe: framing European counter-narratives in Poland}},
    volume = "30",
    issn = "1478-2804, 1478-2790",
    doi = "10.1080/14782804.2021.1886912",
    pages = "97--114",
    number = "1",
    journaltitle = {{Journal of Contemporary European Studies}},
    shortjournal = "Journal of Contemporary European Studies",
    urldate = "2025-05-30",
    date = "2022-01-02",
    langid = "english",
    year = "2022"
}

@article{rooduijn_populist_2024,
	title = {{The PopuList: A Database of Populist, Far-Left, and Far-Right Parties Using Expert-Informed Qualitative Comparative Classification (EiQCC)}},
	volume = {54},
	rights = {http://creativecommons.org/licenses/by/4.0/},
	issn = {0007-1234, 1469-2112},
	doi = {10.1017/S0007123423000431},
	shorttitle = {{The PopuList}},
	pages = {969--978},
	number = {3},
	journaltitle = {{British Journal of Political Science}},
	shortjournal = {Brit. J. Polit. Sci.},
	author = {Rooduijn, Matthijs and Pirro, Andrea L. P. and Halikiopoulou, Daphne and Froio, Caterina and Van Kessel, Stijn and De Lange, Sarah L. and Mudde, Cas and Taggart, Paul},
	urldate = {2025-08-22},
	date = {2024-07},
	langid = {english},
}

@article{rupnik_crisis_2018,
	title = {{The Crisis of Liberalism}},
	volume = {29},
	issn = {1086-3214},
	doi = {10.1353/jod.2018.0042},
	pages = {24--38},
	number = {3},
	journaltitle = {{Journal of Democracy}},
	shortjournal = {Journal of Democracy},
	author = {Rupnik, Jacques},
	urldate = {2025-08-23},
	date = {2018},
	langid = {english},
}

@article{rosenfeld_assault_2002,
    author = "Rosenfeld, Alvin H",
    title = {{The Assault on Holocaust Memory}},
    pages = "82--101",
    journaltitle = {{Vandenhoeck \& Ruprecht (GmbH \& Co. KG)}},
    date = "2002",
    langid = "english",
    year = "2002"
}

@article{rossolinski-liebe_introduction_2020,
    author = "Rossoliński-Liebe, Grzegorz",
    title = {{Introduction: Conceptualizations of the Holocaust in Germany, Poland, Lithuania, Belarus, and Ukraine: Historical Research, Public Debates, and Methodological Disputes}},
    volume = "34",
    issn = "0888-3254, 1533-8371",
    doi = "10.1177/0888325419852149",
    pages = "129--142",
    number = "1",
    journaltitle = {{East European Politics and Societies: and Cultures}},
    shortjournal = "East European Politics and Societies: and Cultures",
    urldate = "2025-05-30",
    date = "2020-02",
    langid = "english",
    year = "2020"
}

@article{rothberg_gaza_2011,
    author = "Rothberg, Michael",
    title = {{From Gaza to warsaw: mapping multidirectional memory}},
    volume = "53",
    pages = "523--548",
    number = "4",
    journaltitle = {{Transcultural Negotiations of Holocaust Memory}},
    date = "2011",
    year = "2011"
}

@collection{rutten_memory_2014,
	location = {London},
	edition = {1. issued in paperback},
	title = {{Memory, conflict and new media: web wars in post-socialist states}},
	isbn = {978-1-138-84761-3},
	series = {Media, war and security},
	shorttitle = {{Memory, conflict and new media}},
	pagetotal = {265},
	publisher = {Routledge},
	editor = {Rutten, Ellen and Fedor, Julie and Zvevera, Vera},
	date = {2014},
}

@dataset{rybicki_2025_16933320,
  author       = {Rybicki, Viktoria},
  title        = {{PiS on Twitter/X 2015+2023 Dataset (raw+filtered)}},
  month        = aug,
  year         = 2025,
  publisher    = {Zenodo},
  doi          = {10.5281/zenodo.16933320},
  url          = {https://doi.org/10.5281/zenodo.16933320},
}

@article{sandberg_ways_2011,
    author = "Sandberg, Jörgen and Alvesson, Mats",
    title = {{Ways of constructing research questions: gap-spotting or problematization?}},
    volume = "18",
    issn = "1350-5084, 1461-7323",
    doi = "10.1177/1350508410372151",
    pages = "23--44",
    number = "1",
    journaltitle = {{Organization}},
    shortjournal = "Organization",
    urldate = "2025-05-30",
    date = "2011-01",
    langid = "english",
    year = "2011"
}

@article{sandecki_adamowicz_2023,
  	author = {Sandecki, Maciej},
    title = {{Adamowicz: "Tusk chce zasypywać podziały, a wystąpienie Błaszczaka było bardzo agresywne}},
  	journaltitle = {{Gazeta Wyborcza}},
  	date = {2023-12-12},
  	year = {2023},
	url = {https://trojmiasto.wyborcza.pl/trojmiasto/7,35612,30499173,adamowicz-tusk-chce-zasypywac-podzialy-a-pis-je-zaostrzac.html},
  	shorttitle = {{Adamowicz}},
}

@article{saryusz-wolska_continuity_2017,
    author = "Saryusz-Wolska, Magdalena",
    title = {{Continuity or a Change of Memory? A Book on the Historical Policies of the Later Polish People’s Republic: Florian Peters, “Revolution der Erinnerung: Der Zweite Weltkrieg in der Geschichtskultur des Spätsozialistischen Polen”}},
    issn = "2083-3059",
    doi = "10.51196/srz.13.12",
    pages = "273--276",
    number = "2",
    journaltitle = {{Stan Rzeczy}},
    shortjournal = "{SRZ}",
    urldate = "2025-05-30",
    date = "2017-11-01",
    langid = "english",
    year = "2017"
}

@legislation{sejm_rzeczypospolitej_polskiej_obwieszczenie_2018,
    author = {{Sejm Rzeczypospolitej Polskiej}},
    title = {{Obwieszczenie Marszałka Sejmu Rzeczypospolitej Polskiej z dnia 21 listopada 2018 r. w sprawie ogłoszenia jednolitego tekstu ustawy o grobach i cmentarzach wojennych}},
    date = "2018",
    langid = "polish",
    year = "2018"
}

@article{siedlicka_pis_2015,
  	author = {Siedlicka, Ewa},
  	title = {{PiS spacyfikował Trybunał. Co spowoduje zaskarżenie ustawy o TK?}},
  	journaltitle = {{Gazeta Wyborcza}},
  	date = {2015-10-28},
  	year = {2015},
	url = {https://wyborcza.pl/7,75968,19099145,pis-spacyfikowal-trybunal-co-spowoduje-zaskarzenie-ustawy-o.html},
}

@article{simko_marking_2020,
    author = "Simko, Christina",
    title = {{Marking Time in Memorials and Museums of Terror: Temporality and Cultural Trauma}},
    volume = "38",
    issn = "0735-2751, 1467-9558",
    doi = "10.1177/0735275120906430",
    pages = "51--77",
    number = "1",
    journaltitle = {{Sociological Theory}},
    shortjournal = "Sociological Theory",
    urldate = "2025-05-30",
    date = "2020-03",
    langid = "english",
    year = "2020"
}

@incollection{simonsen_antisemitism_2020,
	location = {London},
	edition = {1},
	title = {{Antisemitism and Conspiracism}},
	isbn = {978-0-429-45273-4},
	pages = "357--370",
	booktitle = {{Routledge Handbook of Conspiracy Theories}},
	publisher = {Routledge},
	author = {Simonsen, Kjetil Braut},
	date = {2020},
}

@book{sindbaek_andersen_twentieth_2017,
    author = "Sindbæk Andersen, Tea and Törnquist-Plewa, Barbara",
    title = {{The Twentieth Century in European Memory: Transcultural Mediation and Reception}},
    isbn = "978-90-04-35234-6 978-90-04-35235-3",
    publisher = "{BRILL}",
    urldate = "2025-05-30",
    date = "2017-09-04",
    langid = "english",
    doi = "10.1163/9789004352353",
    year = "2017"
}

@article{smorti_why_2016,
    author = "Smorti, Andrea and Fioretti, Chiara",
    title = {{Why Narrating Changes Memory: A Contribution to an Integrative Model of Memory and Narrative Processes}},
    volume = "50",
    issn = "1932-4502, 1936-3567",
    doi = "10.1007/s12124-015-9330-6",
    pages = "296--319",
    number = "2",
    journaltitle = {{Integrative Psychological and Behavioral Science}},
    shortjournal = "Integr. psych. behav.",
    urldate = "2025-05-30",
    date = "2016-06",
    langid = "english",
    year = "2016"
}

@article{stanczyk_commemorating_2014,
    author = "Stańczyk, Ewa",
    title = {{Commemorating Young Victims of World War II in Poland: The Forgotten Children’s Camp in Litzmannstadt/Łódź}},
    volume = "28",
    issn = "0888-3254, 1533-8371",
    doi = "10.1177/0888325414532495",
    pages = "614--638",
    number = "3",
    journaltitle = {{East European Politics and Societies: and Cultures}},
    shortjournal = "East European Politics and Societies: and Cultures",
    urldate = "2025-05-30",
    date = "2014-08",
    langid = "english",
    year = "2014"
}

@article{stanley_thin_2008,
	title = {{The thin ideology of populism}},
	volume = {13},
	issn = {1356-9317, 1469-9613},
	doi = {10.1080/13569310701822289},
	pages = {95--110},
	number = {1},
	journaltitle = {{Journal of Political Ideologies}},
	shortjournal = {Journal of Political Ideologies},
	author = {Stanley, Ben},
	urldate = {2025-08-22},
	date = {2008-02},
	langid = {english},
}
@online{okopress2023lists,
  author       = {Witold Głowacki},
  title        = {{Atmosfera zwolnień grupowych, czyli jak PiS układa listy wyborcze}},
  publication  = {Oko.press},
  year         = {2023},
  url          = {https://oko.press/jak-pis-uklada-listy-wyborcze},
}

@software{stijn_peeters_zeeschuimer_2025,
	title = {{Zeeschuimer}},
	rights = {Mozilla Public License 2.0},
	url = {https://zenodo.org/doi/10.5281/zenodo.15281614},
	version = {v1.13.1},
	publisher = {Zenodo},
	author = {Stijn Peeters},
	urldate = {2025-08-23},
	year = {2025},
	doi = {10.5281/ZENODO.15281614},
	keywords = {4cat, data capture, instagram, scraping, tiktok},
}

@incollection{storm_memory_2021,
    author = "Storm, Benjamin and Soares, Julia",
    title = {{Memory in the Digital Age}},
    pages = "2351--2375",
    booktitle = {{The Oxford Handbook of Human Memory}},
    publisher = "Oxford University Press",
    date = "2021",
    year = "2021"
}

@article{subotic_political_2018,
    author = "Subotic, Jelena",
    title = {{Political memory, ontological security, and Holocaust remembrance in post-communist Europe}},
    volume = "27",
    issn = "0966-2839, 1746-1545",
    doi = "10.1080/09662839.2018.1497980",
    pages = "296--313",
    number = "3",
    journaltitle = {{European Security}},
    shortjournal = "European Security",
    urldate = "2025-05-30",
    date = "2018-07-03",
    langid = "english",
    year = "2018"
}

@article{szuldrzynski_michal_2023,
  	author = {Szułdrzyński, Michał},
  	title = {{Michał Szułdrzyński: PiS i instrumentalna gra Janem Pawłem II}},
  	journaltitle = {{Rzeczpospolita}},
  	date = {2023-06-23},
  	year = {2023},
	url = {https://www.rp.pl/plus-minus/art38646331-michal-szuldrzynski-pis-i-instrumentalna-gra-janem-pawlem-ii},
}

@incollection{tannen_critical_2015,
    author = "Van Dijk, Teun A.",
    editor = "Tannen, Deborah and Hamilton, Heidi E. and Schiffrin, Deborah",
    edition = "1",
    title = {{Critical Discourse Analysis}},
    isbn = "978-0-470-67074-3",
    pages = "466--485",
    booktitle = {{The Handbook of Discourse Analysis}},
    publisher = "Wiley",
    urldate = "2025-08-22",
    date = "2015-10-09",
    langid = "english",
    doi = "10.1002/9781118584194.ch22",
    year = "2015"
}

@article{temin_narrating_2017,
    author = "Temin, David Myer and Dahl, Adam",
    title = {{Narrating Historical Injustice: Political Responsibility and the Politics of Memory}},
    volume = "70",
    issn = "1065-9129, 1938-274X",
    doi = "10.1177/1065912917718636",
    pages = "905--917",
    number = "4",
    journaltitle = {{Political Research Quarterly}},
    shortjournal = "Political Research Quarterly",
    urldate = "2025-05-30",
    date = "2017-12",
    langid = "english",
    year = "2017"
}

@book{teter_jews_2005,
    author = "Teter, Magda",
    edition = "1",
    title = {{Jews and Heretics in Catholic Poland: A Beleaguered Church in the Post-Reformation Era}},
    rights = "https://www.cambridge.org/core/terms",
    isbn = "978-0-521-85673-7",
    publisher = "Cambridge University Press",
    urldate = "2025-08-21",
    year = "2005",
    langid = "english",
    doi = "10.1017/CBO9780511499043",
    year = "2005"
}

@incollection{tracy_critical_2015,
    author = "Wodak, Ruth",
    editor = "Tracy, Karen and Sandel, Todd and Ilie, Cornelia",
    edition = "1",
    title = {{Critical Discourse Analysis, Discourse‐Historical Approach}},
    rights = "http://doi.wiley.com/10.1002/tdm\\_license\\_1.1",
    isbn = "978-1-118-61110-4",
    pages = "1--14",
    booktitle = {{The International Encyclopedia of Language and Social Interaction}},
    publisher = "Wiley",
    urldate = "2025-05-30",
    date = "2015-04-27",
    langid = "english",
    doi = "10.1002/9781118611463.wbielsi116",
    year = "2015"
}

@article{ulanowski_pis_2015,
  	author = {Ulanowski, Tomasz},
  	title = {{PiS zaczyna rządy od pustych, ale niebezpiecznych gestów}},
  	journaltitle = {{Gazeta Wyborcza}},
  	date = {2015-10-27},
  	year = {2015},
	url = {https://wyborcza.biz/biznes/7,177151,19098715,pis-zaczyna-rzady-od-pustych-ale-niebezpiecznych-gestow.html},

}

@book{urbinati_2019,
 ISBN = {9780674240889},
 author = {Nadia Urbinati},
 publisher = {Harvard University Press},
 title = {{Me the People: How Populism Transforms Democracy}},
 urldate = {2025-08-22},
 year = {2019}
}

@article{van_der_vlies_multidirectional_2016,
    author = "Van Der Vlies, Tina",
    title = {{Multidirectional war narratives in history textbooks}},
    volume = "52",
    issn = "0030-9230, 1477-674X",
    doi = "10.1080/00309230.2016.1153674",
    pages = "300--314",
    number = "3",
    journaltitle = {{Paedagogica Historica}},
    shortjournal = "Paedagogica Historica",
    urldate = "2025-05-30",
    date = "2016-05-03",
    langid = "english",
    year = "2016"
}

@article{van_dijk_principles_1993,
    author = "Van Dijk, Teun A.",
    title = {{Principles of Critical Discourse Analysis}},
    volume = "4",
    rights = "https://journals.sagepub.com/page/policies/text-and-data-mining-license",
    issn = "0957-9265, 1460-3624",
    doi = "10.1177/0957926593004002006",
    pages = "249--283",
    number = "2",
    journaltitle = {{Discourse \& Society}},
    shortjournal = "Discourse \& Society",
    urldate = "2025-08-22",
    date = "1993-04",
    langid = "english",
    year = "1993"
}

@article{van_house_technologies_2008,
    author = "Van House, Nancy and Churchill, Elizabeth F.",
    title = {{Technologies of memory: Key issues and critical perspectives}},
    volume = "1",
    rights = "https://journals.sagepub.com/page/policies/text-and-data-mining-license",
    issn = "1750-6980, 1750-6999",
    doi = "10.1177/1750698008093795",
    pages = "295--310",
    number = "3",
    journaltitle = {{Memory Studies}},
    shortjournal = "Memory Studies",
    urldate = "2025-05-30",
    date = "2008-09",
    langid = "english",
    year = "2008"
}

@article{verovsek_caught_2021,
    author = "Verovšek, Peter J.",
    title = {{Caught between 1945 and 1989: collective memory and the rise of illiberal democracy in postcommunist Europe}},
    volume = "28",
    issn = "1350-1763, 1466-4429",
    doi = "10.1080/13501763.2020.1768279",
    pages = "840--857",
    number = "6",
    journaltitle = {{Journal of European Public Policy}},
    shortjournal = "Journal of European Public Policy",
    urldate = "2025-05-30",
    date = "2021-06-03",
    langid = "english",
    year = "2021"
}

@article{vinitzky-seroussi_unpacking_2010,
    author = "Vinitzky-Seroussi, V. and Teeger, C.",
    title = {{Unpacking the Unspoken: Silence in Collective Memory and Forgetting}},
    volume = "88",
    issn = "0037-7732, 1534-7605",
    doi = "10.1353/sof.0.0290",
    pages = "1103--1122",
    number = "3",
    journaltitle = {{Social Forces}},
    shortjournal = "Social Forces",
    urldate = "2025-05-30",
    date = "2010-03-01",
    langid = "english",
    year = "2010"
}

@incollection{wang_internet_2025,
    author = "Wang, Qi and Hoskins, Andrew",
    editor = "Wang, Qi and Hoskins, Andrew",
    edition = "1",
    title = {{The Internet Remaking of Memory: What Are the Important Questions?}},
    isbn = "978-0-19-766126-0",
    pages = "3--12",
    booktitle = {{The Remaking of Memory in the Age of the Internet and Social Media}},
    publisher = "Oxford University {PressNew} York",
    urldate = "2025-08-21",
    date = "2025-01-30",
    langid = "english",
    doi = "10.1093/oso/9780197661260.003.0001",
    year = "2025"
}

@misc{wang_sound_2025,
    author = "Wang, Yu and Yu, Runxi and Wang, Zhongyuan and He, Jing",
    title = {{The Sound of Populism: Distinct Linguistic Features Across Populist Variants}},
    doi = "10.48550/arXiv.2505.07874",
    number = "{arXiv}:2505.07874",
    publisher = "{arXiv}",
    urldate = "2025-08-20",
    date = "2025-05-10",
    langid = "english",
    eprinttype = "arxiv",
    eprint = "2505.07874 [cs]",
    year = "2025"
}

@article{wantuch_przy_2023,
  	author = {Wantuch, Dominika},
    title = {{Przy "bramie śmierci" w obozie Auschwitz-Birkenau stanęła buda z lodami. "Ludzie na wszystkim próbują zarobić}},
  	journaltitle = {{Gazeta Wyborcza}},
  	date = {2023-05-05},
  	year = {2023},
	url = {https://krakow.wyborcza.pl/krakow/7%2C44425%2C29729586%2Cprzy-bramie-smierci-w-obozie-auschwitz-birkenau-stanela-buda.html},
}

@article{wasilewski_radical-right_2023,
    author = "Wasilewski, Krzysztof",
    title = {{Radical-Right Populist Media Discourse in Social Media and Counter Strategies: Case Study of \#ConfederateHeritageMonth 2021 Twitter Campaign}},
    volume = "17",
    pages = "2157--2179",
    journaltitle = {{International Journal of Communication}},
    date = "2023",
    langid = "english",
    year = "2023"
}

@collection{weiss_critical_2003,
    editor = "Weiss, Gilbert and Wodak, Ruth",
    location = "London",
    title = {{Critical Discourse Analysis}},
    rights = "http://www.springer.com/tdm",
    isbn = "978-0-230-55514-3",
    publisher = "Palgrave Macmillan {UK}",
    urldate = "2025-05-30",
    date = "2003",
    langid = "english",
    doi = "10.1057/9780230288423",
    year = "2003"
}

@article{wertsch_collective_2008,
    author = "Wertsch, James V. and Roediger, Henry L.",
    title = {{Collective memory: Conceptual foundations and theoretical approaches}},
    volume = "16",
    issn = "0965-8211, 1464-0686",
    doi = "10.1080/09658210701801434",
    pages = "318--326",
    number = "3",
    journaltitle = {{Memory}},
    shortjournal = "Memory",
    urldate = "2025-05-30",
    date = "2008-04",
    langid = "english",
    year = "2008"
}

@article{wertsch_narrative_2008,
    author = "Wertsch, James V.",
    title = {{The Narrative Organization of Collective Memory}},
    volume = "36",
    rights = "http://onlinelibrary.wiley.com/{termsAndConditions}\\#vor",
    issn = "0091-2131, 1548-1352",
    doi = "10.1111/j.1548-1352.2008.00007.x",
    pages = "120--135",
    number = "1",
    journaltitle = {{Ethos}},
    shortjournal = "Ethos",
    urldate = "2025-05-30",
    date = "2008-03",
    langid = "english",
    year = "2008"
}

@article{wielinski_pis_2023,
    author = "Wieliński, Bartosz",
    title = {{PiS wykorzystuje ludobójstwo w KL Auschwitz-Birkenau, by zwalczać marsz 4 czerwca}},
    journaltitle = {{Gazeta Wyborcza}},
    date = "2023-05-31",
    year = "2023",
    url = "https://wyborcza.pl/7,75398,29819291,pis-wykorzystuje-ludobojstwo-w-kl-auschwitz-birkenau-by-zwalczac.html"
}

@article{wielowieyska_pis_2023,
    author = "Wielowieyska, Dominika",
    title = {{PiS stosuje stare triki i nie ma wstydu: to fundament strategii wyborczej}},
    journaltitle = {{Gazeta Wyborcza}},
    date = "2023-09-08",
    year = "2023"
}

@article{wodak__2017,
    author = "Wodak, Ruth and Nugara, Silvia",
    title = {{« Right-wing populist parties endorse what can be recognised as the “arrogance of ignorance” »: Entretien de Ruth Wodak avec Silvia Nugara}},
    issn = "0243-6450, 1960-6001",
    doi = "10.4000/mots.23007",
    pages = "165--173",
    number = "115",
    journaltitle = {{Mots}},
    shortjournal = "mots",
    urldate = "2025-08-18",
    date = "2017-11-01",
    langid = "english",
    year = "2017"
}

@incollection{wodak_critical_2013,
	title = {{Critical Discourse Analysis}},
	volume = {1},
	isbn = {978-0-85702-802-0},
	pages = "79--102",
	booktitle = {{Methods of Critical Discourse Analysis}},
	publisher = {{SAGE} Publications, Ltd},
	author = {Wodak, Ruth and Fairclough, Norman and Mulderrig, Jane},
	urldate = {2025-08-23},
	date = {2013},
	doi = {10.4135/9780857028020},
}

@book{wodak_politics_2015,
    author = "Wodak, Ruth",
    location = "1 Oliver’s Yard, 55 City Road London {EC}1Y 1SP",
    title = {{The Politics of Fear: What Right-Wing Populist Discourses Mean}},
    isbn = "978-1-4462-4700-6",
    publisher = "{SAGE} Publications Ltd",
    urldate = "2025-05-30",
    date = "2015",
    langid = "english",
    doi = "10.4135/9781446270073",
    year = "2015"
}

@book{wodak_politics_2021,
	title = {{The Politics of Fear: The Shameless Normalization of Far-Right Discourse}},
	isbn = {978-1-5264-9921-9},
	shorttitle = {{The Politics of Fear}},
	publisher = {{SAGE} Publications Ltd},
	author = {Wodak, Ruth},
	urldate = {2025-08-22},
	date = {2021},
	doi = {10.4135/9781529739664},
}

@article{woycicka_mnemonic_2024,
    author = "Wóycicka, Zofia and Wawrzyniak, Joanna and Saryusz-Wolska, Magdalena",
    title = {{Mnemonic Wars in Poland: An Introduction to New Research Directions}},
    volume = "128",
    issn = "2450-8462, 0001-6829",
    doi = "10.12775/APH.2023.128.01",
    pages = "5--25",
    journaltitle = {{Acta Poloniae Historica}},
    shortjournal = "{APH}",
    urldate = "2025-05-30",
    date = "2024-02-07",
    langid = "english",
    year = "2024"
}

@article{woznicki_kaczynski_2023,
  	author = {Woźnicki, Łukasz},
  	title = {{Kaczyński kontra Wałęsa w Strasburgu. ETPC zajmie się sporem o katastrofę smoleńską}},
  	journaltitle = {{Gazeta Wyborcza}},
  	date = {2023-11-27},
  	year = {2023},
	url = {https://wyborcza.pl/7,75398,30447383,kaczynski-kontra-walesa-w-strasburgu-etpc-zajmie-sie-sporem.html},
}

@article{wpolityce_antologia_2015,
	title = {{Antologia smoleńska… – poeci Ofiarom katastrofy w Smoleńsku}},
	url = {https://wpolityce.pl/smolensk/239409-antologia-smolenska-poeci-ofiarom-katastrofy-w-smolensku},
	shorttitle = {{Antologia smoleńska}},
	journaltitle = {{wPolityce}},
	author = {{wPolityce}},
	date = {2015-04-01},
}

@article{wpolityce_gdy_2023,
	title = {{Gdy PiS wyzywano od "nazistów" i snuto analogie z III Rzeszą, Muzeum Auschwitz milczało. Teraz uderzyło mocno. I jednak politycznie}},
	url = {https://wpolityce.pl/polityka/648851-gdy-pis-wyzywano-od-nazistow-muzeum-auschwitzmilczalo},
	shorttitle = {{Gdy PiS wyzywano od "nazistów}},
	journaltitle = {{wPolityce}},
	author = {{wPolityce}},
	date = {2023-05-31},
}

@article{wpolityce_historyk_2015,
	title = {{Historyk z IPN o Pomniku Czynu Rewolucyjnego: „To skandal! Zbrodniczy symbol w centrum Rzeszowa”}},
	url = {https://wpolityce.pl/historia/242720-historyk-z-ipn-o-pomniku-czynu-rewolucyjnego-to-skandal-zbrodniczy-symbol-w-centrum-rzeszowa},
	shorttitle = {{Historyk z IPN o Pomniku Czynu Rewolucyjnego}},
	journaltitle = {{wPolityce}},
	author = {{wPolityce}},
	date = {2015-04-08},
}

@article{wpolityce_kaczynski_2015,
	title = {{Kaczyński: „Jesteśmy tu i będziemy, bo Polska nie jest ciągle taka, jaka być powinna”}},
	url = {https://wpolityce.pl/smolensk/229197-kaczynski-jestesmy-tu-i-bedziemy-bo-polska-nie-jest-ciagle-taka-jaka-byc-powinna},
	shorttitle = {{Kaczyński: „Jesteśmy tu i będziemy}},
	journaltitle = {{wPolityce}},
	author = {{wPolityce}},
	date = {2015-03-26},
}

@article{wpolityce_kaczynski_2015-1,
	title = {{Kaczyński na Marszu Pamięci: „Nasza Ojczyzna przeżywa czas triumfu nieprawości i kłamstwa. Musimy się temu przeciwstawić”}},
	url = {https://wpolityce.pl/smolensk/229152-kaczynski-na-marszu-pamieci-nasza-ojczyzna-przezywa-czas-triumfu-nieprawosci-i-klamstwa-musimy-sie-temu-przeciwstawic},
	shorttitle = {{Kaczyński na Marszu Pamięci}},
	journaltitle = {{wPolityce}},
	author = {{wPolityce}},
	date = {2015-01-10},
}

@article{wpolityce_lech_2015,
	title = {{Lech Kaczyński. Bitwa o pamięć. Przewodnik po miejscach upamiętnienia Prezydenta – nowa książka Sławomira Kmiecika}},
	url = {{https://wpolityce.pl/kultura/238828-lech-kaczynski-bitwa-o-pamiec-przewodnik-po-miejscach-upamietnienia-prezydenta-nowa-ksiazka-slawomira-kmiecika}},
	shorttitle = {{Lech Kaczyński. Bitwa o pamięć.}},
	journaltitle = {{wPolityce}},
	author = {{wPolityce}},
	date = {2015-03-27},
}

@article{wpolityce_list_2015,
	title = {{List otwarty w sprawie śledztwa dotyczącego „Zbrodni Katyńskiej”}},
	url = {https://wpolityce.pl/polityka/259769-list-otwarty-w-sprawie-sledztwa-dotyczacego-zbrodni-katynskiej},
	shorttitle = {{List otwarty w sprawie śledztwa dotyczącego}},
	journaltitle = {{wPolityce}},
	author = {{wPolityce}},
	date = {2015-07-20},
}

@article{wpolityce_moskiewska_2015,
	title = {{Moskiewska prowokacja: Rosyjska Duma uchwala agresywną uchwałę o ochronie sowieckich pomników w Polsce!}},
	url = {https://wpolityce.pl/polityka/275546-moskiewska-prowokacja-rosyjska-duma-uchwala-agresywna-uchwale-o-ochronie-sowieckich-pomnikow-w-polsce},
	shorttitle = {{Moskiewska prowokacja}},
	journaltitle = {{wPolityce}},
	author = {{wPolityce}},
	date = {2015-12-08},
}

@article{wpolityce_ostatni_2015,
	title = {{Ostatni żołnierze Września}},
	url = {https://wpolityce.pl/historia/275810-ostatni-zolnierze-wrzesnia},
	shorttitle = {{Ostatni żołnierze Września}},
	journaltitle = {{wPolityce}},
	author = {{wPolityce}},
	date = {2015-12-21},
}

@article{wpolityce_pis_2023,
	title = {{PiS reaguje spotem na haniebne słowa Lisa. W sieci wrze! Poręba odpowiada krytykom: "Dotarło? Jesteście hipokrytami!}},
	url = {https://wpolityce.pl/polityka/648768-w-sieci-wrze-po-spocie-pis-poreba-oburzeni-dotarlo},
	shorttitle = {{PiS reaguje spotem na haniebne słowa Lisa}},
	journaltitle = {{wPolityce}},
	author = {{wPolityce}},
	date = {2023-05-31},
}

@article{wpolityce_prezydent_2015,
	title = {{Prezydent Andrzej Duda złożył kwiaty przed pomnikiem górników z Wujka}},
	url = {https://wpolityce.pl/polityka/274937-prezydent-andrzej-duda-zlozyl-kwiaty-przed-pomnikiem-gornikow-z-wujka},
	shorttitle = {{Prezydent Andrzej Duda}},
	journaltitle = {{wPolityce}},
	author = {{wPolityce}},
	date = {2015-12-13},
}

@article{wpolityce_profesor_2015,
	title = {{Profesor Lech Kaczyński – Prezydent, Mąż Stanu, Przyjaciel Zambrowa. Kontynuacja Jego dzieła jest patriotycznym i ludzkim zobowiązaniem}},
	url = {https://wpolityce.pl/polityka/256889-profesor-lech-kaczynski-prezydent-maz-stanu-przyjaciel-zambrowa-kontynuacja-jego-dziela-jest-patriotycznym-i-ludzkim-zobowiazaniem-konferencja},
	shorttitle = {{Profesor Lech Kaczyński}},
	journaltitle = {{wPolityce}},
	author = {{wPolityce}},
	date = {2015-06-22},
}

@article{wpolityce_relacja_2023,
	title = {{RELACJA. Expose premiera Mateusza Morawieckiego i brak wotum zaufania. W Sejmie stoczono gorącą debatę!}},
	url = {https://wpolityce.pl/polityka/674072-relacja-expose-premiera-morawieckiego-i-brak-wotum-zaufania},
	shorttitle = {{RELACJA}},
	journaltitle = {{wPolityce}},
	author = {{wPolityce}},
	date = {2023-12-11},
}

@collection{cordell_transformation_2015,
	location = {Warsaw},
	title = {The transformation of nationalism in Central and Eastern Europe: ideas and structures},
	isbn = {978-83-63183-81-3},
	series = {Etnopolityka},
	shorttitle = {The transformation of nationalism in Central and Eastern Europe},
	pagetotal = {213},
	number = {vol. 2},
	publisher = {University of Warsaw. Faculty of Journalism and Political Science},
	editor = {Cordell, Karl and Jajecznik, Konrad},
	date = {2015},
	keywords = {Ethnic relations Political aspects, Europe, Central, Europe, Eastern, Nationalism},
}

@article{wpolityce_sikorski_2023,
	title = {{Sikorski prowokuje: "Ostatnia miesięcznica rządów PiS. Wraku nie odzyskali, zamachu nie udowodnili". Internauci zareagowali}},
	url = {https://wpolityce.pl/polityka/673960-sikorski-ostatnia-miesiecznica-pis-internauci-zareagowali},
	shorttitle = {{Sikorski prowokuje}},
	journaltitle = {{wPolityce}},
	author = {{wPolityce}},
	date = {2023-12-10},
}

@article{wpolityce_skoro_2015,
	title = {{Skoro nie można mówić o polityce, pomówmy o Polsce. “Tysiąc lat wśród takich sąsiadów trwać i ostać, to nie słomianym ogniem trza być, ale głazem i stalą”}},
	url = {https://wpolityce.pl/historia/269628-skoro-nie-mozna-mowic-o-polityce-pomowmy-o-polsce-tysiac-lat-wsrod-takich-sasiadow-trwac-i-ostac-to-nie-slomianym-ogniem-trza-byc-ale-glazem-i-stala},
	shorttitle = {{Skoro nie można mówić o polityce}},
	journaltitle = {{wPolityce}},
	author = {{wPolityce}},
	date = {2015-10-25},
}

@article{wpolityce_solidarnosc_2015,
	title = {{Solidarność ze swoją głęboką wiarą w Pana Boga i wartościami konserwatywnymi to absolutny ewenement na skalę światową}},
	url = {https://wpolityce.pl/spoleczenstwo/263994-solidarnosc-ze-swoja-gleboka-wiara-w-pana-boga-i-wartosciami-konserwatywnymi-to-absolutny-ewenement-na-skale-swiatowa},
	shorttitle = {{Solidarność ze swoją głęboką wiarą}},
	journaltitle = {{wPolityce}},
	author = {{wPolityce}},
	date = {2015-08-11},
}

@article{wpolityce_strzezcie_2023,
	title = {{Strzeżcie się, piloci! Kosiniak-Kamysz nie mógł gorzej zacząć w MON. Spośród tylu generałów wybrał jednego z najbardziej skompromitowanych. NASZ RAPORT}},
	url = {https://wpolityce.pl/polityka/675000-strzezcie-sie-piloci-kosiniak-nie-mogl-gorzej-zaczac-w-mon},
	shorttitle = {{Strzeżcie się, piloci!}},
	journaltitle = {{wPolityce}},
	author = {{wPolityce}},
	date = {2023-12-18},
}

@article{wpolityce_wszystkie_2023,
	title = {{Wszystkie wojny z Rosją, w których walczyliśmy razem z Ukraińcami, wygraliśmy". Ciekawy wykład prof. Żurawskiego w AD}},
	url = {https://wpolityce.pl/polityka/648030-ciekawy-wyklad-prof-zurawskiego-w-akademii-dyplomatycznej},
	shorttitle = {{Wszystkie wojny z Rosją}},
	journaltitle = {{wPolityce}},
	author = {{wPolityce}},
	date = {2023-05-25},
}

@article{wronski_pis_2015,
  	author = {Wroński, Paweł},
  	title = {{PiS wygrany, ale trochę słabszy}},
  	journaltitle = {{Gazeta Wyborcza}},
  	date = {2015-10-27},
  	year = {2015},
	url = {https://wyborcza.pl/7,75398,19093551,pis-wygrany-ale-troche-slabszy.html},
}

@article{wronski_sejm_2023,
  	author = {Wroński, Paweł},
  	title = {{Sejm przyjął uchwałę o obronie dobrego imienia Jana Pawła II}},
  	journaltitle = {{Gazeta Wyborcza}},
  	date = {2023-03-09},
  	year = {2023},
	url = {https://wyborcza.pl/7,75398,29545072,sejm-przyjal-uchwale-o-obronie-dobrego-imienia-jana-pawla-ii.html},
}

@article{wydra_generations_2018,
    author = "Wydra, Harald",
    title = {{Generations of Memory: Elements of a Conceptual Framework}},
    volume = "60",
    rights = "https://www.cambridge.org/core/terms",
    issn = "0010-4175, 1475-2999",
    doi = "10.1017/S0010417517000391",
    pages = "5--34",
    number = "1",
    journaltitle = {{Comparative Studies in Society and History}},
    shortjournal = "Comp Stud Soc Hist",
    urldate = "2025-05-30",
    date = "2018-01",
    langid = "english",
    year = "2018"
}

@misc{yenduri_generative_2023,
    author = "Yenduri, Gokul and M, Ramalingam and G, Chemmalar Selvi and Y, Supriya and Srivastava, Gautam and Maddikunta, Praveen Kumar Reddy and G, Deepti Raj and Jhaveri, Rutvij H. and B, Prabadevi and Wang, Weizheng and Vasilakos, Athanasios V. and Gadekallu, Thippa Reddy",
    title = {{Generative Pre-trained Transformer: A Comprehensive Review on Enabling Technologies, Potential Applications, Emerging Challenges, and Future Directions}},
    doi = "10.48550/arXiv.2305.10435",
    number = "{arXiv}:2305.10435",
    publisher = "{arXiv}",
    urldate = "2025-08-20",
    date = "2023-05-21",
    langid = "english",
    eprinttype = "arxiv",
    eprint = "2305.10435 [cs]",
    year = "2023"
}

@article{zakaria_rise_1997,
	title = {{The Rise of Illiberal Democracy}},
	volume = {76},
	pages = {22--43},
	number = {6},
	journaltitle = {{Foreign Affairs}},
	author = {Zakaria, Fareed},
	date = {1997},
	langid = {english},
}

@article{zuk_anti-semitic_2023,
    author = "Żuk, Piotr",
    title = {{From the Anti-Semitic Campaign in 1968 to the Nationalism of the Populist Right 50 Years Later: Anti-Semitic Narrative in Poland as a Tool of Politics}},
    volume = "22",
    issn = "1744-9057, 1744-9065",
    doi = "10.1080/17449057.2021.1988220",
    pages = "69--90",
    number = "1",
    journaltitle = {{Ethnopolitics}},
    shortjournal = "Ethnopolitics",
    urldate = "2025-05-30",
    date = "2023-01-01",
    langid = "english",
    year = "2023"
}
